4042 5100
79 568 84 621 ι

77 654 85 739 ἰ

338 542 573 628 exstat

1028 356 1147 439 Μ.
1207 355 1673 436 ramus
1737 357 2764 459 Qu1NT1L1ANus.=
3188 421 3194 428 .
3299 370 3440 450 περ

640 535 977 655 Epistola
1024 542 1349 642 Joannis
1403 536 1727 655 Antonii
1794 539 2217 652 Campani,
2278 547 2524 650 prima
2573 533 2860 628 scilicet
2905 563 3205 624 carum.
3268 563 3443 652 quar

338 659 685 761 ejusdem
718 665 796 745 in
827 657 1077 742 varios
1103 655 1498 742 Aut'hores
1528 650 1873 742 censuras
1912 649 2557 765 complectuntur.

2058 770 2212 857 Aa
2278 799 2322 882 3
3177 755 3484 859 'SUB-4,

667 1214 727 1260 „
746 1189 899 1242 non
947 1164 1065 1242 vis
1103 1161 1387 1260 hyemis
1400 1209 1429 1252 ,
1481 1187 1630 1238 non
1670 1163 1878 1239 nives
1891 1211 1919 1251 ,
1972 1187 2124 1238 non
2168 1161 2554 1261 longitudo
2607 1159 2927 1252 itineris,
2979 1185 3136 1239 non
3172 1158 3438 1262 asperi-

658 1285 727 1358 ·„
745 1286 855 1340 tas
884 1265 1211 1352 viarum,
1261 1284 1351 1338 ut
1382 1280 1861 1337 monumenta
1896 1262 2272 1336 literarum
2301 1285 2343 1334 e
2373 1263 2697 1336 tenebris
2736 1263 2810 1336 in
2839 1261 3081 1337 lucem
3107 1286 3435 1357 eruereS,

670 1413 730 1459 „
745 1363 1265 1462 retardarunt-⁴
1338 1363 1460 1438 Tu
1515 1355 2058 1438 Tertullianum
2074 1410 2103 1449 ,
2169 1381 2256 1434 tu
2302 1363 2640 1438 Marcum
2688 1361 2986 1462 Fabium
3040 1360 3440 1459 Quintilia-

669 1485 922 1556 „num
934 1508 963 1551 ,
1015 1482 1100 1536 tu
1236 1513 1256 1532 .
1307 1458 1704 1536 Asconium
1757 1456 2199 1546 Pedianum,
2255 1482 2338 1533 tu
2386 1461 2861 1548 Lucretium,
2936 1458 3189 1533 Silium
3241 1459 3442 1535 Itali-

677 1609 734 1653 ‚,
752 1583 950 1649 cum,
991 1563 1240 1634 Marce
1268 1558 1499 1632 linum
1523 1606 1551 1646 ,
1603 1577 1691 1631 tu
1716 1557 2101 1631 Manilium
2137 1556 2702 1648 Astronomum,
2754 1559 2842 1632 L.
2881 1559 3182 1657 Septim.
3284 1561 3443 1633 Va·-

669 1658 1007 1752 „lerium
1044 1656 1421 1744 Flaccum,
1473 1677 1561 1730 tu
1596 1659 1965 1749 Capram,
2012 1655 2455 1755 Eutychium
2486 1657 2832 1745 Probum,
2860 1656 3442 1747 Grammaticos,
3473 1667 3480 1674 ’

668 1776 828 1848 „tu
854 1755 1268 1851 complures
1310 1754 1531 1844 alios,
1581 1752 2118 1831 Bartholomaeo
2147 1754 2457 1855 Collega
2501 1774 2634 1828 tuo
2687 1757 3062 1850 adjutore,
3117 1754 3236 1829 vel
3276 1754 3433 1830 fato

666 1903 726 1948 „
742 1853 1028 1938 filnCtos
1065 1856 1227 1929 vita
1264 1852 1616 1941 donastis»,
1669 1853 1791 1927 vel
1833 1851 2096 1951 longo,
2148 1872 2237 1927 ut
2262 1855 2508 1950 ajunt,
2561 1852 3002 1954 postliminio
3027 1853 3104 1926 in
3141 1855 3440 1930 Latium

669 1953 1146 2046 „reduxistis.
1248 1956 1363 2028 De
1409 1949 1945 2025 Bartholomaeo
1985 1949 2111 2024 illo
2153 1953 2245 2025 de
2288 1953 2548 2040 Monte
2589 1951 2993 2042 Politiano,
3048 1954 3125 2028 in
3162 1977 3246 2027 ea
3274 1977 3441 2051 per-

673 2053 1055 2152 quifitione
1080 2051 1445 2126 POGGn
1482 2048 1676 2122 socio
1718 2049 1796 2121 ὅ(
1836 2049 2174 2143 adjutore
2199 2098 2228 2138 ,
2278 2051 2356 2122 in
2392 2048 2687 2132 laudata
2721 2053 3054 2135 Diatriba
3082 2076 3154 2147 p.
3193 2053 3295 2123 V.
3338 2050 3438 2151 sq.

673 2146 1027 2225 nonnulla
1063 2149 1429 2224 dicuntur.
1474 2175 1481 2180 ¹
1532 2147 1698 2221 Fuit
1747 2148 1825 2222 ὃς
1874 2166 2228 2245 praeterea
2265 2149 2668 2224 CINCIUS
2713 2148 3010 2246 quidam
3058 2148 3436 2224 Romanus

687 2249 1130 2366 cognomine
1181 2246 1653 2323 RUSTICUS
1674 2295 1703 2335 ,
1770 2247 2376 2345 peregrinationis
2428 2244 2620 2321 illius
2675 2247 3061 2345 Poggianae
3113 2248 3435 2337 Comes,

687 2371 899 2443 cujus
922 2393 950 2433 ,
1004 2348 1194 2420 inter
1220 2342 1454 2420 claros
1486 2343 2033 2443 pontificiarum
2077 2344 2536 2442 epistolarum
2579 2346 2980 2439 Scriptores
3019 2371 3063 2420 a
3096 2343 3440 2443 Philippo

682 2446 1236 2522 BONAMICO
1276 2470 1349 2541 p.
1398 2464 1563 2536 172.
1606 2441 1705 2539 sq.
1746 2442 2061 2531 laudati,
2114 2446 2666 2519 memorabilem
2707 2443 3117 2539 epistolam,
3171 2446 3247 2516 in
3289 2469 3435 2544 qua

683 2543 949 2622 vetusti
1000 2544 1295 2643 quidam
1349 2538 1682 2616 au&ores
1740 2562 1903 2615 tum
1938 2545 2165 2617 etiam
2204 2544 2538 2645 inventi,
2631 2568 2714 2617 ac
2755 2541 3160 2619 POGGIO
3210 2546 3440 2620 BAR-

685 2644 1165 2739 BAROQOE
1212 2637 1464 2714 indiffi
1516 2639 2017 2730 recensentur,
2086 2666 2177 2716 ex
2216 2644 2411 2718 Cod.
2451 2646 2607 2718 MS.
2659 2643 3115 2742 Bergomenli
3156 2641 3205 2715 l.
3251 2666 3315 2715 c.
3358 2666 3433 2743 p.

683 2743 894 2814 VIII.
948 2739 1095 2834 sqq.
1138 2736 1551 2812 cardinalis
1603 2740 1881 2830 primus
1932 2739 2362 2837 publicavit.
2465 2743 2599 2817 Rei
2649 2742 3108 2837 jucunditate
3147 2737 3435 2815 medius

689 2862 841 2911 non
941 2835 1172 2910 offum
1224 2858 1373 2910 non
1424 2859 1518 2908 ex
1553 2834 1676 2908 illa
1712 2834 1957 2909 locum
1986 2884 2012 2924 ,
2091 2838 2220 2913 etfi
2267 2835 2806 2938 longiusculum
2832 2887 2858 2927 ,
2936 2840 3058 2912 hic
3098 2844 3430 2914 recitare.

686 2982 747 3025 „
764 2940 847 3011 In
952 2935 1273 3009 ermania
1297 2932 1531 3008 multa
1572 2931 2001 3008 monasteria
2041 2935 2204 3009 sunt
2243 2935 2704 3010 bibliothecis
2748 2936 3099 3011 librorum
3135 2939 3438 3014 Latino-

684 3057 923 3126 „rum
948 3032 1216 3107 referta
1253 3061 1274 3107 ε
1326 3057 1484 3132 quae
1511 3056 1627 3107 res
1657 3030 1851 3130 spem
1889 3035 2070 3107 mihi
2098 3034 2384 3123 attulit,
2440 3033 2720 3131 aliquos
2749 3034 3099 3109 librorum
3129 3037 3433 3111 Cicero-

687 3135 873 3226 „nis
887 3181 914 3222 ,
965 3135 1363 3222 Varronis,
1415 3132 1646 3219 Livii,
1674 3131 2128 3225 aliorumque
2156 3128 2722 3207 dofflffimorum
2749 3136 3132 3223 Virorum,
3155 3137 3275 3235 qui
3307 3160 3435 3208 ex-

689 3279 747 3323 „
764 3229 970 3306 tinffi
998 3234 1293 3330 penitus
1314 3229 1456 3305 effe
1483 3231 1869 3319 videntur,
1920 3231 1997 3303 in
2035 3228 2276 3305 lucem
2313 3252 2668 3306 venturos
2683 3281 2709 3321 ,
2765 3232 2810 3304 si
2853 3253 3190 3307 accurata
3231 3236 3440 3310 inve-

682 3331 1043 3431 „stigatio
1095 3329 1590 3429 adhiberetur.
1693 3334 1886 3403 Nam
1927 3353 2096 3402 cum
2137 3331 2250 3404 his
2302 3333 2656 3428 proximis
2696 3333 2950 3405 diebus
2997 3357 3087 3405 ex
3131 3356 3435 3431 compo-

692 3432 937 3522 „ssto‚
987 3426 1179 3503 fama
1215 3428 1674 3502 bibliothecae
1712 3422 1950 3502 alle-sti
1973 3478 2002 3518 ,
2053 3451 2202 3501 una
2238 3452 2407 3502 cum
2437 3431 2537 3504 Po
2591 3430 2755 3529 gio,
2807 3451 3025 3529 atque
3050 3430 3438 3505 Bartholo-

690 3576 747 3620 „
763 3553 949 3605 maeo
1001 3527 1602 3627 Montepulciano
1642 3527 1731 3600 ad
1773 3523 2237 3625 oppidum‘S.
2280 3526 2476 3602 Galli
2570 3527 3044 3622 eveniss‘emus
3069 3578 3097 3617 ‚
3164 3528 3437 3603 Biblio-

689 3629 1053 3720 „thecam
1092 3622 1379 3726 ingreffi
1413 3624 1695 3723 Jasonis
1717 3628 2274 3724 Argonauticon
2312 3652 2354 3698 a
2383 3631 2477 3702 C.
2515 3626 2819 3702 Valerio
2854 3626 3109 3701 Flacco
3150 3627 3435 3702 editum

672 3727 1201 3819 „carminibus
1240 3723 1630 3798 luculentis
1660 3734 1877 3823 atque
1919 3727 2265 3822 gravibus
2306 3751 2345 3798 a
2385 3726 2751 3820 majestate
2789 3727 3092 3801 metrica
3131 3726 3434 3804 minime

682 3825 1316 3917 „abhorrentibus
1346 3826 1758 3923 invenimus
1788 3852 1811 3895 ε
1865 3824 2130 3898 deinde
2171 3846 2598 3927 argumenta
2627 3826 2954 3923 quaedam
2994 3822 3224 3899 soluta
3261 3850 3426 3899 ora-

684 3929 962 4018 „tione
1013 3919 1342 3997 confecia
1391 3919 1599 4017 super
1639 3924 1918 4019 aliquot
1968 3923 2356 3999 Ciceronis
2409 3924 2943 4013 Orationibus,
3019 3948 3110 3997 ex
3163 3924 3427 4023 quibus

687 4020 972 4116 „multi
1012 4020 1384 4096 causarum
1420 4022 1646 4108 rituS,
1696 4019 2091 4121 multaeque
2129 4026 2400 4096 veteris
2454 4022 2755 4095 instituti
2793 4022 3139 4120 paritates
3180 4024 3436 4120 aperte
3523 4040 3540 4104 '.

688 4122 1099 4226 „cognosci
1128 4120 1439 4218 poliunt.
1543 4120 1902 4216 Repertus
1930 4118 2033 4194 est
2059 4122 2278 4193 etiarn
2307 4118 2489 4194 liber
2526 4120 2820 4218 quidam
2859 4119 3236 4196 volumine
3261 4148 3432 4222 par-

687 4247 899 4310 „vus
913 4271 943 4311 ,
992 4222 1495 4319 magnitudine
1532 4242 1780 4293 autem
1817 4217 2292 4310 eloquentiae‚
2344 4220 2890 4318 prudentiaeque
2928 4217 3431 4298 excellentissim

692 4344 925 4408 „mus
951 4369 976 4410 ,
1052 4316 1471 4395 melantius
1520 4316 1791 4393 scilicet
1830 4320 1920 4392 de
1957 4339 2272 4417 utroque
2327 4320 2661 4408 homine,
2730 4322 2855 4393 ubi
2909 4317 3122 4418 plane
3159 4320 3431 4394 refellit

684 4463 750 4505 2,
766 4417 955 4493 sensa
978 4443 1274 4511 eorum,
1325 4421 1449 4519 qui
1486 4419 1883 4495 humanam
1908 4419 2410 4511 conditionem
2449 4415 2850 4515 belluarum
2876 4418 3062 4511 statu
3083 4418 3432 4493 humilio·-

2525 4536 2540 4543 ⁶
3163 4554 3219 4612 θ’)
3238 4541 3423 4607 sem)
