4042 5100
38 4485 39 4496 ⁴
37 1228 51 4410 fflssss———m-u-ssn-—2-t--n-ffi—ss—-ssvn-—wu—ev--u—--———j——v—-v--—‘-
39 1070 50 1091 Ι

1228 338 1968 443 ‚mammas
2037 336 2443 437 ωηο,
2553 398 2560 405 .
3249 344 3406 445 167„

282 520 424 624 εἴτε
458 520 1017 643 instator-itur
1050 518 1289 615 carisa.
1404 525 1567 613 Cui
1612 522 1987 613 dubietati
2028 546 2512 612 momentum
2559 496 2858 609 accedit
2918 548 3020 611 ex
3063 549 3167 609 eo
3222 528 3250 609 i
3307 518 3394 613 so

160 669 165 677 '
298 648 776 753 lniortunati
812 644 1133 737 nomine
1151 699 1183 745 ‚
1240 668 1415 761 quo
1451 640 1840 731 distinam
1882 640 2078 781 mihi
2113 643 2448 729 occurrit
2489 639 2976 755 Pomponius
2995 694 3025 739 ,
3081 634 3162 726 A
3299 668 3395 729 or

3215 759 3395 848 vitae

292 968 513 1033 *-
928 1001 1341 1024 *ιι-

1645 1145 1667 1170 Δ

647 1170 926 1255 ,'‚mum
962 1149 1334 1232 Musarum
1384 1150 1465 1228 δι
1501 1150 1592 1227 Sa
1645 1134 1885 1226 lentiae
1932 1147 2335 1245 templum,
2385 1143 2521 1224 flos
2573 1146 2978 1224 nobilitatis
3028 1148 3107 1226 ὅ(
3138 1132 3403 1248 juven.

606 1256 706 1351 '„
721 1257 903 1333 tutis
926 1248 1431 1353 Neapolitanae
1465 1174 1794 1350 unrssqu'e
1830 1240 2256 1325 confluebat
2290 1275 2314 1323 ε
2366 1245 2445 1323 δι
2485 1244 2923 1349 cuicumque
2960 1247 3404 1328 adolescenti

642 1358 915 1450 „bona
939 1353 1033 1431 de
1060 1355 1079 1372 ’
1282 1351 1353 1427 'o
1379 1348 1508 1427 suo
1534 1347 1690 1449 spes
1716 1345 1934 1438 effer,
1985 1349 2050 1423 is
2078 1346 2444 1425 neminem
2483 1344 2748 1438 alium,
2795 1345 2921 1421 nifi
2955 1347 3401 1441 Pontannm,

649 1504 709 1548 ,‚
724 1453 1124 1535 studiorum
1171 1472 1442 1527 uorum
1465 1449 1925 1523 hortatorem
1951 1448 2345 1544 quaerebat.
2451 1448 2922 1618 <Papropter
2958 1470 3112 1525 non
3147 1445 3402 1527 defin-

651 1572 937 1646 ,‚runt‚
986 1550 1112 1652 qui
1147 1546 1459 1625 Pontani
1496 1530 1974 1623 Academiam
2013 1544 2157 1644 (fic
2195 1544 2389 1620 enim
2428 1544 2501 1643 ip
2529 1568 2574 1619 e
2645 1536 3159 1621 edhil'imorum
3200 1549 3404 1650 inge-

654 1701 713 1745 „
728 1651 1020 1726 niorum
1058 1642 1452 1723 concilium
1493 1642 1673 1723 illud
1700 1660 2127 1744 coetumque
2153 1634 2609 1742 appellabat)
2648 1667 2690 1718 e
2739 1644 2815 1717 ui
2850 1644 3153 1741 Troiani
3194 1644 3407 1723 fimi}-

658 1746 993 1844 „limam
1016 1741 1220 1822 firiffe
1265 1744 1658 1833 docerent,
1736 1764 1829 1818 ex
1867 1769 2010 1842 qua
2061 1741 2336 1819 scilicet
2372 1765 2523 1817 non
2566 1742 2690 1841 qui
2743 1764 2862 1818 ern
2911 1740 3083 1837 belli
3135 1746 3407 1838 duces,

653 1848 1161 1963 „urbiumque
1197 1865 1736 1947 expugnatores
1752 1890 1779 1932 ,
1845 1860 1924 1918 at
1970 1842 2247 1946 egregii
2286 1861 2522 1939 poeta:
2535 1889 2564 1930 ‚
2615 1838 3020 1942 summique
3067 1865 3401 1923 oratores

300 1988 321 2025 ·.
651 1998 712 2042 „
728 1947 1024 2047 plurimi
1052 1969 1130 2020 m
1167 1964 1507 2042 apertum
1536 1943 1970 2039 prodierint.
2070 1938 2547 2017 Consuetudo
2586 1960 2835 2018 autem
2877 1961 3074 2033 erat,
3123 1963 3213 2018 ut
3248 1945 3410 2045 qui-

304 2098 327 2141 ,
440 2072 489 2141 j
656 2068 1047 2141 „cumque
1107 2045 1466 2131 bonarum
1508 2040 1799 2114 'artium
1859 2038 2264 2135 cupiditate
2313 2032 2804 2115 inflammatus
2868 2040 2963 2115 ad
2998 2045 3405 2119 maximum

656 2147 971 2238 „virum
1010 2132 1081 2217 se
1119 2132 1609 2240 applicuiffet‚
1661 2159 1941 2213 novum
1979 2135 2106 2209 fibi
2137 2158 2436 2211 nomem
2473 2134 2925 2251 imponeret,
2974 2164 3068 2214 ex
3095 2143 3420 2239 antiqui-t

655 2261 882 2335 „tate
921 2242 1414 2339 depromtum.
1514 2228 1883 2312 Putabam:
1929 2232 2127 2310 enim
2149 2283 2181 2327 ‚
2230 2229 2592 2330 ejusmod1
2630 2234 2929 2310 nomina
2968 2236 3045 2313 ὅ(
3093 2237 3258 2333 plus
3296 2241 3409 2315 di-

534 2428 539 2435 ,
654 2388 713 2435 ,‚
731 2341 1028 2459 gnitatis
1071 2334 1147 2412 in
1188 2335 1257 2412 se
1309 2328 1729 2437 conti-nere,
1783 2334 1859 2409 &
1898 2331 2235 2409 blandius
2376 2334 2819 2437 odammodo
2872 2335 3408 2439 iucundiusque

655 2465 806 2533 „m
846 2460 1058 2513 aures
1098 2433 1401 2510 influere
1436 2432 1659 2531 poffe.
1756 2437 1938 2531 Qo
1979 2452 2230 2508 tamen
2268 2430 2459 2514 Δειᾶο
2498 2431 2828 2507 nonnulli
2869 2433 3205 2510 censoriae
3293 2463 3410 2512 ra-

657 2538 985 2631 „vitatis
1024 2535 1362 2614 homines
1411 2535 1895 2609 vehementer
1945 2529 2193 2607 offensi
2231 2528 2396 2606 fimt
2428 2554 2457 2624 3
2509 2533 2770 2630 quibus
2806 2534 3154 2610 nimirum
3312 2538 3411 2613 ri·-

604 2715 620 2733 ,
658 2636 954 2730 „stiana
1004 2635 1166 2712 laedi
1202 2636 1481 2733 pietas,
1532 2632 1610 2708 ὃ(
1654 2631 2024 2710 ma'orum
2057 2629 2383 2714 instituta
2431 2628 3272 2726 conveni-videbamur,
3327 2637 3406 2728 s»,

612 2767 625 2775 ·
663 2736 1149 2825 „nominibus
1174 2779 1204 2822 ‚
1279 2755 1439 2832 quae
1491 2727 1709 2805 sanffl
1868 2753 2083 2822 orum
2120 2730 2452 2807 virorum
2505 2728 2681 2804 olim
2732 2728 3061 2822 finirent,
3112 2738 3406 2833 penitus

657 2881 714 2926 ‚‚
732 2827 1029 2929 abjeffls
1055 2879 1083 2920 a
1159 2833 1234 2905 in
1274 2845 1532 2904 eorum
1569 2823 1818 2904 locum
1858 2825 1998 2908 alia
2034 2825 2612 2928 supponerentur
2637 2878 2667 2917 ,
2742 2852 2902 2928 quae
2938 2830 3410 2927 profanarum

661 2932 1064 3033 „gentium
1114 2930 1544 3003 memoriam
1593 2929 2082 3012 renouarent..
2166 2926 2309 3002 Sed
2343 2925 2706 3025 plerae'que
2755 2951 2870 3003 res
2911 2931 2984 3002 in
3023 2931 3408 3007 hominum

658 3073 717 3120 „
737 3030 932 3120 vita,
983 3050 1141 3125 quae
1193 3047 1432 3127 neque
1482 3021 1833 3102 summam
1885 3022 2388 3117 honestatem,
2465 3044 2704 3126 neque
2762 3024 3003 3103 rurfils
3057 3028 3408 3132 insignem

653 3127 1258 3223 „turpitudinem
1310 3122 2102 3220 adjunetamfflabent,
2153 3125 2457 3224 perinde
2509 3121 2709 3214 lunt,
2758 3145 2848 3201 ut
2897 3128 3356 3224 accipiuntur
3376 3155 3410 3225 ς

657 3273 717 3321 ,‚
731 3251 870 3303 nec
908 3225 1304 3326 quidquam
1331 3225 1573 3300 adhuc
1608 3226 1684 3300 in
1713 3249 1805 3301 eo
2140 3223 2265 3300 vel
2297 3221 2366 3297 sa
2418 3218 2818 3299 ientiffunis
2843 3229 3242 3327 excogitari
3276 3253 3412 3326 po-

652 3370 713 3420 „
728 3327 875 3402 tuit
908 3327 1013 3399 ita
1039 3322 1333 3425 elegans
1373 3345 1595 3422 atque
1631 3322 1807 3440 perf
2046 3369 2076 3411 ,
2126 3343 2217 3397 ut
2241 3347 2291 3397 n
2398 3345 2482 3400 os
2511 3324 2812 3404 omnino
2850 3328 3407 3425 reprehensores

658 3425 1120 3516 „invenerit-
1222 3423 1595 3499 Pontanus
1631 3425 1857 3524 1gitnr
1868 3470 1896 3510 ‚
1948 3445 2096 3520 quo
2125 3421 2446 3524 reliquos
2486 3423 2823 3523 exemplo
2861 3425 3244 3518 excitaret,
3279 3427 3411 3603 Ἰο-

659 3525 995 3615 „vianus
1022 3519 1365 3622 appellari
1394 3513 1637 3599 voluit
1666 3550 1686 3595 ε
1736 3516 2251 3598 sannazarium
2287 3543 2469 3600 vero
2494 3517 2641 3617 jam
2671 3520 2954 3617 pridem
2988 3525 3063 3598 in
3100 3524 3272 3601 fami
3307 3530 3409 3602 ia·-

620 3624 1026 3714 ²„ritatem
1063 3617 1483 3719 receptum,
1532 3615 1828 3698 Affium
1857 3623 2258 3718 syncerum
2294 3643 2387 3696 ex
2425 3642 2515 3695 eo
2543 3623 2956 3697 nominavit
2978 3670 3005 3712 ‚
3058 3626 3255 3723 quod
3283 3625 3407 3700 ille
3495 3615 3514 3628 ⁴

654 3721 1070 3820 „princeps
1109 3743 1201 3794 ex
1225 3721 1505 3795 Latinis
1545 3719 1883 3795 bucolico
1969 3738 2260 3793 oemate
2296 3716 2686 3815 piscatores
2727 3722 2819 3795 de
2858 3724 3227 3797 amoribus
3265 3722 3405 3800 fiiis

657 3869 717 3914 ‚‚
733 3823 809 3895 in
861 3808 1018 3896 aeia
1057 3811 1565 3915 colloquentes
1604 3815 1853 3892 induxi
1914 3837 2030 3906 et,
2084 3814 2163 3894 &
2257 3818 2409 3895 uod
2450 3817 2590 3895 fine
2630 3821 2800 3894 fuco
2841 3821 2916 3894 ὅ(
2954 3818 3254 3897 fallaciis
3293 3826 3407 3898 vi-

653 3940 884 4014 „tam
922 3939 1213 4018 ageret,
1261 3941 1399 3995 nec
1426 3916 1623 3994 aliud
1651 3916 1968 3992 clausmn
2006 3917 2086 3992 in
2124 3940 2217 4012 pe
2293 3941 2421 3994 ore
2445 3967 2474 4008 ,
2526 3919 2720 3994 aliud
2761 3919 2834 3993 in
2876 3916 2974 3991 lin
3024 3944 3120 3996 ua
3157 3946 3407 4022 prom-

655 4040 893 4110 „tum
930 4017 1288 4108 haberet3
1339 4037 1761 4115 amaretque
1800 4031 2057 4112 puram
2089 4009 2165 4091 &
2192 4016 2584 4116 simplicem
2626 4016 2913 4091 dicendi
2977 4041 3299 4110 ormam,
3323 4024 3404 4096 in

657 4143 875 4218 „qua
910 4113 1185 4190 scilicet
1218 4113 1431 4215 ipsius
1469 4113 1841 4217 ingenium
1872 4117 1944 4190 δε
1986 4140 2226 4190 mores
2267 4109 2701 4212 apertissime
2737 4114 3147 4193 elucebant.
3215 4124 3402 4220 Qae

657 4258 717 4304 2,
730 4239 912 4293 vero
940 4235 1373 4331 argumenta
1409 4208 1833 4317 impulerint
1857 4209 2189 4290 Paullum
2218 4215 2512 4313 Jovium
2529 4263 2554 4302 ‚
2604 4235 2694 4288 ut
2722 4221 3219 4293 monumentis
3258 4242 3407 4296 tra-

659 4315 942 4400 „deret
988 4308 1407 4403 llterarum,
1460 4341 1501 4386 a
1540 4315 1972 4389 Sannazario
2011 4315 2294 4403 avitum
2345 4312 2932 4414 gentilitiumque
2982 4321 3248 4393 nomen
3289 4344 3405 4394 re-

658 4411 1121 4520 „pudiatum
1152 4410 1399 4507 fiiiffe,
1450 4410 1790 4536 equidem
1827 4407 2165 4516 ignorare
2202 4437 2326 4491 me
2371 4409 2632 4496 fateor.
2733 4417 2928 4492 Nam
2968 4418 3245 4492 tametfi
3284 4420 3404 4516 Ja-

3051 4564 3112 4610 »
3141 4520 3398 4611 cobus,
