4042 5100
651 380 787 466 148
1260 334 1263 337 ’
1554 364 1563 371 ·
1687 363 2075 443 τιταε
2161 365 2660 445 lems,

636 492 1461 519 Μ
2487 484 3731 518 W

641 576 851 637 mum
891 542 1250 662 exemplo
1271 601 1303 647 ‚
1356 568 1822 646 monentur,
1873 572 1984 632 ne
2016 544 2096 633 le
2135 570 2181 632 a
2208 539 2597 660 legende,
2652 536 3219 661 scribendoque
3247 550 3572 635 omnino
3601 544 3736 635 seq

640 688 1030 752 moveant.
1772 700 1781 705 ·
2819 676 2846 697 ⁸

663 931 3693 1147 mummmmmmmmm

1306 1318 1998 1467 TITUS
2214 1319 3220 1460 L1V1uss‘

1958 1616 2432 1757 §xrs
3067 1618 3220 1639 ··

757 1946 834 2005 o.
867 1912 1234 2004 Albertus
1279 1911 1661 2002 Fabricius
1701 1909 1903 2001 Bibl.
1957 1914 2122 1999 Lat.
2162 1908 2299 1999 lib'.
2346 1944 2414 2001 1.
2452 1938 2617 2028 cap.
2644 1912 2771 1999 XI.
2809 1938 3036 2019 agens
3071 1912 3175 2002 de
3218 1916 3407 2004 Tiro
3434 1919 3732 2024 Uria,

811 2039 1282 2148 antiquiores
1316 2037 1476 2135 ejus
1503 2034 1955 2118 Editionum
1990 2034 2301 2117 notitias
2341 2028 2619 2117 fatetur
2650 2028 2725 2116 se
2769 2056 3114 2144 magnam
3154 2037 3731 2144 partemdebe-

632 2182 734 2238 ,re
794 2155 993 2239 Viro
1028 2148 1132 2233 de
1197 2152 1428 2234 Livio
1479 2145 2014 2239 immortaliter
2056 2152 2336 2233 merito
2382 2151 2513 2251 Jo.
2553 2149 2934 2231 Friderico
2976 2150 3394 2236 Gronovio
3445 2149 3725 2238 Prole*

638 2297 853 2376 gom.
899 2266 996 2352 ad
1030 2268 1359 2352 Livium.
1473 2264 1582 2349 At
1620 2263 2060 2381 imprudens
2099 2262 2202 2349 ab
2235 2290 2337 2350 eo
2378 2259 2709 2351 dissentit
2737 2320 2766 2361 ‚
2839 2261 3027 2349 dum
3069 2264 3492 2379 Romanam
3531 2295 3726 2352 om·-

574 2384 583 2392 ”
648 2389 858 2470 nium
879 2386 1301 2496 principem
1321 2438 1350 2479 ‚
1412 2406 1719 2466 curante
1733 2384 1783 2481 J
1789 2408 1870 2462 o.
1889 2377 2204 2465 Andrea
2227 2375 2599 2465 Alerienfi
2633 2374 3015 2492 Episcopo
3032 2436 3058 2478 ,
3119 2413 3218 2464 ex
3242 2387 3497 2467 Codice
3502 2407 3724 2492 pra-

647 2501 1104 2613 ceptorisfiei
1142 2502 1518 2582 Vifforini
1553 2501 1987 2600 Feltrenfir,
2048 2494 2143 2580 ad
2198 2522 2477 2581 annum
2528 2522 2774 2605 1470.
2818 2493 3104 2581 refert:
3176 2525 3352 2584 nam
3392 2503 3724 2586 Grono-

645 2625 813 2702 vius
849 2619 921 2698 ei
965 2614 1355 2709 Editioni‚
1414 2617 1619 2719 cujus
1660 2613 1840 2696 bina
1871 2610 2080 2722 apud
2106 2609 2180 2697 se
2220 2612 2609 2698 exstabmt
2638 2607 3042 2723 Exempla,
3103 2610 3390 2700 nullum
3421 2636 3720 2704 annum

647 2727 1075 2846 appofitum
1115 2731 1429 2842 reperiri
1472 2726 1748 2812 diserte
1791 2724 2157 2826 affirmat,
2213 2734 2292 2814 &
2325 2725 2569 2815 solum
2608 2728 2950 2835 conjicit,
3010 2755 3179 2815 eam
3229 2729 3720 2820 antevertiffe

644 2873 931 2934 annum
969 2869 1216 2954 1471.
1258 2843 1480 2961 quod
1513 2846 1668 2929 hoc
1707 2871 1914 2932 anno
1947 2842 2398 2943 PAULUS‚
2465 2851 2587 2931 cui
2629 2848 2957 2942 dicatur,
3014 2844 3560 2933 mortalitatem
3583 2876 3722 2935 ex·

643 2965 995 3080 pleverlt.
1112 2962 1520 3050 Convenit
1555 2988 1743 3047 vero
1777 2962 2128 3047 Fabricio
2161 2988 2338 3046 cum
2389 2965 2798 3047 Gronovio
2823 3016 2851 3058 ‚
2914 2962 3101 3048 dum
3136 2964 3563 3052 Romanam
3606 2962 3720 3051 al-

636 3106 883 3167 teram
908 3107 1066 3192 -per
1101 3074 1543 3164 Udalricum
1580 3070 1890 3164 Gallum
1932 3076 2205 3162 fafiam
2241 3105 2418 3172 cura
2451 3080 2772 3180 Joannis
2798 3074 3126 3164 Antonii
3165 3082 3542 3194 Campani
3577 3107 3715 3167 re-

634 3195 797 3290 fert
839 3198 935 3283 ad
975 3222 1217 3280 annos
1262 3199 1616 3303 1471.·&
1660 3222 1890 3302 1472.
2072 3191 2301 3280 Hisce
2354 3198 2558 3280 enim
2599 3221 2762 3281 eam
2813 3189 3113 3291 exime,
3172 3223 3380 3282 anno
3416 3193 3716 3284 scilicet

654 3342 812 3422 147
834 3348 889 3396 ι.
923 3318 1241 3424 primam
1279 3310 1677 3395 Decadem
1709 3366 1736 3407 ,
1796 3313 2092 3394 tertiam
2121 3317 2203 3395 δι
2237 3333 2579 3425 quartam
2614 3336 2816 3395 anno
2867 3334 3120 3415 1472.
3158 3309 3394 3398 fidem
3423 3311 3559 3398 fibi
3585 3311 3714 3399 fa-

634 3456 821 3517 cere
863 3431 1146 3533 Regiae,
1209 3455 1379 3543 quae
1415 3424 1700 3513 Parifiis
1748 3427 1892 3526 est,
1953 3422 2453 3512 Bibliothecae
2484 3427 2827 3512 Iudicem
2854 3482 2881 3524 ,
2942 3427 3195 3512 icribit
3226 3431 3713 3518 Gronovius.

642 3552 1021 3636 Venetam
1073 3540 1742 3656 perfvindelinum
1777 3535 2210 3656 Spireniem
2246 3546 2441 3630 Livii
2483 3544 2923 3629 Editionem
2977 3567 3318 3630 accurate
3364 3543 3718 3652 defignat

580 3682 592 3688 ’
639 3660 800 3776 ipse
853 3660 1289 3749 Fabricius;
1372 3664 1670 3743 nonita
1718 3685 1973 3745 tamen
2011 3663 2514 3757 Gronovius,
2573 3662 2707 3775 q'ui
2748 3663 2825 3742 in
2873 3686 3209 3770 errorem
3247 3662 3622 3748 adduam
3659 3690 3726 3754 a

634 3775 1025 3867 francisco
1075 3772 1654 3890 Robortello‘in
1693 3778 2265 3861 Convenientia
2314 3779 2644 3868 Livianae
2683 3772 3233 3888 supputationis
3282 3804 3458 3863 cum
3503 3808 3720 3864 mar-

634 3897 980 3984 moribus
1011 3886 1522 4002 Capitolinis,
1584 3897 1666 3976 &
1695 3897 1772 3976 in
1806 3893 2528 3991 Emendationibus,
2591 3892 2911 3979 eandem
2943 3920 3114 3978 cum
3136 3894 3485 3977 Romana
3502 3922 3719 3982 con-

635 4010 940 4109 fundit,
1000 4009 1373 4124 additque
1396 4009 1499 4092 de
1524 4007 1698 4105 suo,
1761 4005 1832 4092 se
1858 4032 2161 4119 putare,
2214 4008 2708 4095 Vindelinum
2746 4034 2918 4092 eum
2946 4004 3136 4105 else,
3184 4013 3407 4120 quise
3431 4015 3719 4095 Swein-

630 4130 943 4217 beimum
992 4134 1072 4208 in
1115 4131 1307 4211 calce
1357 4130 1769 4214 Voluminis
1825 4132 2136 4235 appeunt
2155 4182 2181 4225 ,
2234 4151 2324 4209 ut
2337 4131 2592 4231 solent
2626 4129 2812 4210 Itali
2823 4227 2828 4232 ι
2869 4129 3315 4212 Germanica
3349 4130 3713 4216 vocabula

625 4257 1026 4334 invtrtere.

3484 4491 3710 4579 Ptin-
