4042 5100
1545 359 2426 437 LACTANTIUS.
3221 440 3234 449 ,
3422 352 3526 477 75²

444 567 656 625 mum
696 541 1209 633 diverterent,
1272 531 1499 623 valde
1537 533 1904 623 credibile
1934 536 2045 621 'est
2076 543 2157 622 in
2200 533 2408 622 causa
2449 530 2660 622 fuiffe
2715 562 3000 642 gratam
3052 539 3529 625 'Teutonico‘

441 682 610 743 rum
649 654 1288 761 Coenobitarum,
1345 679 1549 768 quos
1589 678 1690 741 eo
1729 675 2085 854 tempoli-te
2124 654 2669 741 Monasterium
2729 647 2921 740 illud
2956 649 3348 743 incoluisse
3386 654 3519 783 de·

1110 818 1121 825 -
2117 798 2159 854 2
3347 796 3519 886 pre-

765 1163 1270 1253 morabilium,
1325 1188 1482 1263 quae
1523 1163 1735 1260 ipsius
1764 1165 2217 1259 temporibus
2246 1165 2766 1266 contigerunt,
2819 1180 2990 1238 cum
3069 1164 3278 1239 aco'bi
3316 1166 3513 1243 PIC-

767 1262 1348 1359 COLOMINEI
1374 1313 1401 1352 ‚
1469 1263 1881 1342 Cardinalis
1932 1264 2291 1360 Papieniis
2328 1288 2574 1338 rerum
2622 1262 2980 1364 gestarum
3043 1264 3123 1337 ui
3160 1265 3516 1358 temporis

766 1362 1341 1438 Commentariis
1368 1388 1455 1436 ac
1481 1361 1809 1460 Epistolis
1825 1411 1850 1451 ,
1878 1361 2329 1437 Francofurti
2359 1369 2501 1437 An.
2541 1372 2753 1456 1614.
2783 1362 2859 1435 in
2885 1359 3013 1436 fol.
3040 1361 3335 1449 reculis,
3350 1363 3515 1437 Lib.

764 1460 905 1534 Vl.
946 1486 1019 1555 p.
1070 1467 1233 1535 161.
1288 1485 1363 1556 p.
1431 1468 1594 1555 167.
1641 1458 1740 1560 sq.
1844 1459 2056 1558 quale
2096 1485 2183 1538 ea
2221 1459 2403 1535 illud
2440 1459 2867 1557 tempestate
2905 1457 3177 1549 fuerit,
3240 1460 3364 1534 hic
3393 1484 3520 1536 re-

768 1557 1258 1657 cognoscere:
1321 1607 1379 1648 „
1397 1562 1595 1636 Cum
1631 1580 1942 1635 ventum
1979 1558 2159 1634 effet
2201 1561 2391 1635 inter
2441 1561 2696 1635 vineas
2738 1559 2988 1655 oppidi
3027 1557 3520 1649 SublacensiS,

765 1652 943 1745 „ibi
980 1655 1391 1731 Cardinalis
1446 1657 1807 1757 (Joannes
1853 1659 1945 1734 de
1994 1662 2593 1749 Turtecremam,
2642 1656 2793 1734 His
2824 1681 3043 1747 anuS,
3093 1655 3516 1736 Monasterii

765 1799 823 1843 ‚,
839 1753 1283 1830 Sublacenfis
1313 1755 1882 1847 administrator,
1935 1758 2145 1854 cujus
2172 1759 2375 1833 varia
2401 1781 2624 1854 opera
2649 1780 2740 1831 ex
2802 1777 2967 1847 ant,
3010 1758 3086 1832 ὅ(
3115 1781 3157 1828 a
3228 1780 3328 1829 uo
3343 1756 3518 1849 Pius,

763 1857 932 1943 ,‚11.
975 1854 1068 1927 ad
1107 1853 1184 1927 id
1221 1852 1677 1929 invisendum
1706 1857 2058 1930 invitatus
2087 1854 2289 1952 erat)
2331 1857 2692 1945 occurrit,
2745 1855 2823 1930 ὅ(
2847 1852 3064 1951 paulo
3146 1876 3189 1928 o
3287 1852 3516 1928 sacer-

764 1952 1100 2041 „dotum
1151 1954 1828 2047 monachorumque
1877 1977 2172 2047 pompa.
2294 1956 2662 2047 Exceptus
2715 1951 2819 2027 est
2853 1953 3068 2029 Ponti
3143 1974 3196 2027 x
3230 1949 3513 2030 stimmo

764 2094 822 2135 ‚,
836 2048 1091 2144 populi
1110 2048 1458 2122 defiderio
1469 2072 1498 2137 3
1551 2070 1787 2146 neque
1802 2053 1998 2121 enim
2012 2051 2366 2122 memoria
2378 2051 2762 2124 hominum
2785 2054 3159 2126 Romanus
3174 2048 3515 2128 Pontifex

764 2190 824 2234 2,
841 2143 989 2218 illic
1004 2142 1186 2221 alius
1201 2143 1460 2220 fuerat.
1564 2143 1950 2242 Oppidum
1965 2143 2068 2220 est
2079 2142 2311 2220 multa
2323 2145 2535 2242 plebe
2548 2144 2898 2220 refertum
2921 2170 2949 2241 3
2973 2171 3232 2243 rupem
3246 2150 3513 2224 domus

765 2287 823 2333 ‚,
840 2240 1213 2334 obsedere,
1243 2240 1468 2321 altera
1492 2241 1704 2341 super
1727 2240 2031 2319 alteram
2046 2242 2226 2319 fitae=
2280 2244 2356 2319 in
2379 2242 2658 2320 flammo
2674 2246 3053 2320 cacumine
3078 2268 3206 2321 arx
3228 2244 3332 2320 est
3342 2270 3514 2343 pro·
3587 2314 3594 2323 ,

763 2387 823 2429 ,,
837 2343 1237 2438 pemodum
1250 2343 1325 2416 in
1342 2340 1841 2445 expugnabilis
1855 2391 1883 2431 ,
1936 2342 2060 2417 nisi
2074 2342 2266 2417 valle
2282 2341 2662 2437 interjeEia
2674 2367 2854 2438 rupe
2870 2342 3083 2418 altior
3098 2345 3515 2422 immineret

763 2485 822 2527 ‚‚
839 2443 1034 2515 Anio
1049 2467 1170 2513 rna
1271 2442 1654 2538 amoppidi
1668 2462 1951 2539 partem
1967 2443 2232 2517 ambit:
2286 2467 2377 2517 ex
2392 2443 2671 2543 oppido
2685 2441 3302 2517 admonasterium
3329 2444 3513 2519 Sub-

628 2577 637 2582 -
764 2536 1160 2630 „lacensee
1230 2540 1352 2615 via
1367 2539 1681 2614 duorum
1694 2538 2112 2615 milliarium
2124 2565 2255 2640 per
2268 2540 2610 2638 abruptas
2676 2538 3342 2631 etraS,&difficiles
3359 2543 3515 2617 adi·

764 2682 822 2727 ‚‚
836 2658 987 2730 tuS,
1015 2663 1200 2755 quos
1214 2637 1424 2713 facile
1438 2636 1656 2714 liceat
1679 2637 1862 2715 hosti
1937 2639 2367 2716 raecludere=
2415 2641 2544 2715 ubi
2571 2566 3513 2718 ati'monasteriumventum

765 2780 824 2826 2,
838 2735 978 2826 est,
1029 2738 1129 2812 ibi
1157 2757 1446 2812 tantum
1484 2738 1560 2812 in
1596 2737 1817 2836 plano
1882 2741 2060 2835 patii
2100 2759 2470 2837 repertum
2494 2787 2524 2829 ,
2576 2758 2930 2840 quantum
2956 2739 3049 2812 ad
3083 2738 3515 2831 Ecclefiam,

728 2855 825 2924 ·,‚
840 2832 1225 2909 claustrum
1263 2835 1341 2909 δε
1379 2831 1704 2910 officinas
1743 2838 2086 2913 coenobio
2126 2835 2556 2913 neceffarias'
2572 2836 3084 2913 construendas
3122 2861 3307 2934 opus
3334 2835 3515 2916 fi1it=

726 2925 742 2945 '
766 2979 825 3021 ,‚
842 2957 1001 3034 quae
1032 2936 1279 3011 omnia
1302 2958 1571 3036 magno
1599 2932 1890 3036 fiunptu
1913 2934 2376 3010 construxere
2399 2937 2707 3032 priores·
2807 2937 2952 3010 Hic
2977 2935 3314 3011 Pontifex
3338 2961 3511 3013 cum

763 3035 1136 3128 „vineam
1158 3057 1432 3112 novam
1459 3056 1724 3135 magna
1749 3036 1830 3110 vi
1855 3032 2027 3110 ferri
2054 3035 2130 3109 in
2167 3033 2333 3110 saxo
2370 3034 2773 3135 plantatam
2805 3031 3133 3124 vidiffet,
3183 3037 3510 3114 rubenti·

690 3191 696 3199 .
763 3165 823 3222 ς,
838 3133 975 3206 bus
992 3132 1168 3208 uvis
1189 3133 1533 3222 uberem,
1583 3133 1907 3234 undiqve
1932 3157 2144 3209 muro
2172 3133 2473 3234 septam,
2526 3133 2604 3208 &
2628 3133 2906 3208 oliveto
2932 3130 3244 3210 cinei-am
3267 3123 3515 3210 viren-
3583 3199 3608 3232 ,ι

764 3233 938 3324 nti,
993 3232 1071 3308 &
1095 3232 1171 3306 in
1207 3231 1452 3307 medio
1502 3229 1862 3323 torcular,
1914 3256 2000 3307 ac
2049 3234 2354 3308 domum
2405 3233 2498 3307 ad
2545 3232 3023 3306 habitandum
3072 3231 3510 3321 candidam,
3607 3237 3628 3262 ἃ
3667 3231 3676 3237 .

764 3326 1355 3429 „perc-metatus
1395 3329 1555 3429 quis
1606 3331 1784 3405 novi
1838 3333 2079 3432 operis
2130 3328 2383 3406 audior
2431 3330 2654 3406 effer:
2719 3328 3133 3428 responsum
3183 3333 3512 3424 accepit3

760 3427 1270 3544 „Episcopum
1308 3430 1671 3528 quendam
1708 3428 2102 3506 Silvensem
2125 3476 2154 3520 ,
2205 3429 2579 3505 hominem
2616 3428 3058 3524 Hispanum,
3108 3451 3201 3505 ex
3234 3429 3512 3505 Lusita-

758 3571 825 3623 9,
841 3551 961 3600 nra
994 3547 1251 3603 natum
1273 3575 1302 3618 ,
1352 3526 1983 3616 eccleliasticarum
2019 3552 2456 3629 pomparum
2491 3527 2751 3620 taedio,
2804 3529 2881 3603 &
2904 3525 3291 3604 mundialis
3318 3550 3514 3604 curae
3595 3545 3606 3554 '

765 3672 825 3718 „
842 3624 1016 3700 odio
1053 3622 1184 3702 fati
1239 3645 1441 3700 atum
1476 3673 1505 3716 ‚
1577 3625 1903 3701 Ecclesiae
1955 3627 2092 3702 suae
2142 3621 2626 3703 renunciasset
2674 3624 3182 3724 reservataque
3221 3626 3344 3700 fibi
3381 3650 3512 3701 an-

696 3817 705 3826 ,
765 3767 824 3817 ,,
840 3745 989 3797 nua
1047 3748 1195 3820 pen
1222 3747 1388 3802 tone
1411 3773 1439 3814 ,
1492 3747 1585 3802 ex
1621 3749 1764 3822 qua
1798 3725 2035 3826 poffet
2078 3723 2376 3801 honeste
2410 3727 2645 3801 vitam
2680 3727 3104 3813 traducere,
3125 3802 3135 3812 ‚
3155 3728 3304 3797 ime
3337 3747 3512 3822 pro-

760 3870 825 3919 „
838 3820 1110 3897 fedum
1128 3822 1328 3898 inter
1362 3821 1620 3900 fratres
1648 3848 1799 3901 non
1834 3845 2122 3900 mutato
2159 3825 2417 3901 habitu
2448 3825 2753 3927 degere,
2807 3825 3074 3910 divinis
3111 3818 3372 3900 officiis
3398 3823 3511 3897 in-

763 3968 821 4014 „
837 3919 1135 4011 teresse,
1187 3919 1554 3997 celebrare
1575 3969 1605 4012 ,
1656 3925 1951 4020 quando
1992 3922 2115 3998 fibi
2154 3947 2248 3998 ex
2295 3926 2539 4000 animo
2579 3924 2794 3999 detur
2831 3950 2853 3996 ε
2916 3940 3178 4016 praeter
3213 3918 3510 3996 liberta-

766 4040 994 4114 „tem
1021 4022 1102 4097 &
1123 4017 1399 4096 vestem
1423 4021 1604 4098 nihil
1630 4046 1672 4098 a
1708 4023 2073 4098 monacho
2113 4022 2410 4116 distare3
2462 4013 2734 4097 ab⁴hoc
2771 4020 3075 4095 domum
3113 4020 3189 4094 &
3209 4020 3507 4095 vineam

765 4167 823 4214 ‚‚
839 4112 1322 4198 construaam
1337 4169 1365 4210 ,
1417 4119 1628 4218 cujus
1664 4143 1786 4195 ma
1887 4123 1939 4194 a'
1967 4117 2104 4196 sint
2131 4141 2584 4222 proventura
2607 4118 2984 4196 monachis
3054 4115 3509 4196 emolumen-

764 4237 938 4309 „a
1036 4215 1379 4296 Pontifex
1415 4221 1510 4296 ad
1547 4216 1619 4295 se
1654 4221 1771 4318 epi
1801 4242 1843 4294 c
1939 4241 2072 4294 um
2120 4221 2426 4297 vocavit
2459 4268 2486 4309 ,
2550 4218 2632 4296 δε
2666 4216 2962 4317 cognita
2997 4214 3206 4291 causa
3239 4239 3509 4293 renun-

767 4317 1166 4405 „dationis
1227 4316 1553 4395 Ecclefiae
1578 4365 1608 4407 ,
1673 4342 1759 4392 ac
1796 4318 1888 4395 de
1917 4316 2104 4395 ecta.
2129 4316 2536 4396 solitudinis
2559 4364 2587 4404 ,
2650 4314 3101 4417 propositum
3137 4313 3507 4410 laudavit,

746 4505 749 4508 ,
760 4458 828 4510 2,
844 4416 968 4516 qui
1002 4417 1301 4500 noverit
1333 4439 1470 4516 pro
1499 4414 1911 4496 coelestibus
1948 4435 2239 4496 terrena
2274 4436 2781 4497 commutarer
2831 4412 2954 4550 ille
2976 4413 3197 4523 paulo
3227 4412 3519 4593 postheai‘:3
