4042 5100
528 309 705 458 'm4
1566 362 1639 437 s,
1680 350 2618 441 HOERONYth.

554 535 649 625 lis
684 546 834 648 jam
866 546 1015 649 jam
1052 542 1498 637 recimndis,
1551 537 1607 626 fi
1646 541 1935 635 Ledror
1972 542 2099 627 ad*
2127 536 2340 653 plura
2388 565 2649 625 earum
2715 534 2891 625 loca
2962 547 3330 628 animum-
3368 542 3640 633 adver·

512 662 775 754 -terit,
829 685 998 773 quae
1060 651 1349 772 duplex
1399 661 2185 769 Hieronymianorum
2263 662 2619 770 Operum
2663 651 3145 756 'volumem
3242 687 3643 778 nunquam

553 797 751 865 vero
805 770 1212 887 duplicem·
1252 775 1700 861 Editionem
1754 776 2141 865 testantur.
2260 777 2476 879 Qua.
2506 775 2807 859 ratione
2861 777 3368 890 Typographi
3446 802 3493 863 e
3553 804 3648 871 re

552 885 686 977 flia
725 884 1147 1005 aliquando
1206 892 1793 988 existimaverint
1826 946 1855 989 ,
1913 893 2046 976 uni
2098 888 2521 1004 eidemque
2571 890 2920 977 Editioni
2976 897 3214 979 varias
3263 901 3644 1006 temporis

555 1027 785 1093 notas
816 1002 1243 1111 affingere„
1269 1003 1670 1121 presertim
1719 1004 1777 1093 fi
1832 1003 2173 1121 pluribus
2217 1002 2761 1095 Voluminibus
2835 1035 2998 1093 non
3057 1035 3219 1096 uno
3280 1033 3644 1124 tempore

554 1119 829 1207 emistis
862 1126 1278 1221 constaret,
1343 1125 1554 1210 haud
1598 1120 1851 1209 defuit
1903 1121 2208 1221 occafio
2267 1117 2543 1219 semel,
2596 1127 3033 1243 iterumque
3093 1126 3525 1216 adnotandi
3557 1131 3646 1217 in

554 1231 766 1325 libro
805 1242 909 1327 de
948 1243 1299 1329 Brixiam
1328 1241 1640 1331 Litcrat.
1674 1236 2088 1333 renascent-
2123 1240 2437 1329 Literar.
2473 1260 2714 1329 aetatc.

841 1494 999 1591 Ea,
1060 1518 1214 1610 qua
1260 1493 1361 1580 ad
1406 1497 1735 1608 primum
1772 1521 2047 1581 eorum
2071 1484 2586 1584 ‘Voluminum
2624 1486 3654 1612 Alerienfis'praefanirAEpi·
3767 1508 3774 1525 ¹

550 1605 751 1696 'stola
796 1612 968 1723 post
1018 1612 1637 1699 commendatam
1673 1617 1755 1697 in
1791 1608 2253 1727 colligendis
2302 1606 2516 1695 libris
2560 1605 2687 1696 scu
2734 1613 3217 1725 Principum,
3274 1608 3404 1701 seu
3445 1617 3648 1715 Pon:-

544 1724 844 1819 ,tificum
877 1752 1130 1815 curam
1150 1784 1180 1825 ,
1240 1725 1855 1843 explicatamque
1876 1785 1902 1827 ,
1964 1754 2201 1844 quam
2231 1724 2389 1842 ipse
2427 1731 2509 1812 in
2541 1730 3077 1840 recognitione
3109 1750 3455 1814 veterum
3488 1733 3654 1817 Ex-

554 1839 1015 1956 emplarium
1053 1845 1511 1943 adhibebat,
1570 1841 2092 1951 diligentiam,
2151 1868 2543 1959 quamque
2575 1847 2726 1948 iam
2768 1846 2852 1927 in
2891 1840 2992 1929 A.
3032 1838 3341 1941 Gellio,
3396 1847 3475 1930 in
3494 1848 3652 1933 Ire-

556 1983 735 2045 naeo
773 1959 1258 2066 Lugduncnfi
1280 1960 1716 2077 Episcopo,
1779 1967 1861 2047 δε
1891 1965 1973 2045 in
2012 1956 2392 2075 plerisque
2427 1955 2592 2044 aliis
2630 1956 3090 2054 ostenderat,
3138 1960 3402 2072 postea
3437 1986 3652 2048 enar-
3817 1982 3822 1985 ·

551 2098 720 2172 tat,
776 2102 934 2187 qua
966 2080 1266 2163 ratione
1311 2073 1804 2193 poscentibus
1833 2081 2095 2164 amicis
2133 2073 2677 2191 gratificaturus
2696 2129 2725 2173 ,
2812 2078 2921 2159 D.
2961 2078 3407 2186 Hieronymi
3439 2077 3652 2164 libe!-

555 2196 673 2281 lv:
690 2248 718 2288 ,
773 2197 1265 2307 Eptstolasque
1305 2200 1693 2304 perplures
1747 2199 2066 2303 mendose
2099 2197 2305 2299 streis
2356 2196 2684 2302 scriptas
2702 2248 2728 2288 ,
2811 2195 2908 2276 δ’
2974 2224 3073 2275 ex
3165 2196 3652 2300 divevfiffimiae

553 2312 905 2416 Epestolis
937 2321 1158 2420 prius
1236 2318 1554 2395 coucam
1571 2366 1599 2407 ,
1654 2322 1739 2395 in
1769 2332 2054 2403 certum
2091 2312 2422 2393 ordinem
2452 2340 2500 2389 a
2536 2311 2912 2412 doflffmo
2971 2313 3068 2392 ἔν’
3098 2319 3370 2419 optimo
3419 2314 3652 2394 Patre

567 2425 946 2509 Theodoro
962 2481 989 2522 ,
1061 2432 1443 2530 Tarvtstno
1496 2427 1842 2536 Epist-opo
1894 2431 2213 2510 redafl'as
2228 2479 2255 2522 ,
2318 2421 2455 2510 suo
2502 2425 2753 2510 studio
2807 2423 3376 2512 emendatiores
3415 2426 3654 2512 edere

555 2534 1010 2655 susceperit,
1070 2543 1708 2656 opportuniffimo
1768 2545 2091 2658 quidem
2140 2567 2546 2656 tempore,
2635 2571 2771 2656 quo
2839 2543 2938 2623 Te
2990 2544 3150 2641 (ita
3205 2508 3654 2631 PAULtltM

560 2652 1036 2772 alloquitur)
1101 2663 1381 2742 Summi
1443 2664 1927 2759 Pontificatus
1973 2660 2338 2767 majestati
2388 2659 2813 2766 prast'dente
2831 2712 2857 2754 ,
2942 2666 3210 2762 merito
3265 2666 3351 2742 in
3398 2665 3656 2744 melina

559 2780 818 2862 canna
840 2781 1277 2884 profetiam
1329 2806 1474 2859 non
1512 2781 1759 2880 filum
1793 2779 2203 2887 sperantur
2217 2831 2243 2871 ,
2318 2775 2457 2876 fed
2503 2782 2727 2857 etiam
2761 2777 3335 2883 perspiciuntur.
3452 2780 3657 2863 Mox

564 2889 895 2977 PAULI
925 2896 1397 3008 Principat‘us
1431 2889 1869 2979 felicitatem
1911 2888 2213 2978 extollit
2234 2945 2261 2988 ,
2322 2889 2544 3002 quod
2580 2884 3004 2975 Volumina
3039 2915 3264 2976 antea
3305 2893 3434 2978 vix
3469 2919 3656 2978 cen-

560 3029 729 3092 tum
743 3013 984 3095 aureis
1013 3008 1341 3096 emenda
1368 3066 1396 3108 ,
1457 3011 1609 3111 (h)
1632 3010 1803 3124 post
1837 3008 2180 3095 divinum
2195 3005 2756 3119 Typographiae
2770 3008 3165 3093 inventum
3186 3011 3454 3114 viginti
3487 3033 3658 3095 tan-

558 3137 731 3212 tum
790 3125 1387 3223 redimerentur,
1444 3151 1699 3245 eaque
1751 3125 1958 3214 bene
2034 3144 2379 3221 exarata,
2438 3147 2586 3210 nec
2655 3120 2962 3210 mendis
3040 3119 3384 3216 infectu
3463 3127 3657 3214 hoc-

3499 3269 3659 3359 que

671 3665 820 3767 (b)
873 3673 1179 3769 Quanto
1233 3668 1411 3744 olim
1455 3671 1694 3767 pretio
1742 3691 1913 3747 ante
1965 3672 2343 3747 inventam
2397 3671 2959 3771 typographiam
3010 3669 3173 3747 libri
3207 3673 3413 3747 MSS.
3455 3668 3665 3746 veni·

558 3783 593 3790 ”
913 3769 1134 3859 erint,
1186 3767 1553 3844 nonnullis
1587 3767 1936 3846 illustrare
1968 3768 2325 3867 exemplis
2346 3770 2545 3846 haud
2579 3772 2807 3869 piget.
2847 3772 2962 3889 Jo.
2989 3771 3552 3852 WALCHIUS
3589 3769 3666 3842 in

911 3868 1216 3946 Decade
1265 3865 1698 3943 Fabularum
1750 3894 1825 3965 p.
1892 3879 2056 3954 181.
2109 3867 2374 3958 refert,
2452 3870 2754 3942 unicum
2802 3868 3201 3946 B1bliorum
3248 3865 3663 3965 exemplar,
3715 3899 3728 3916 ¹

1018 3967 1117 4042 od
1169 3986 1415 4042 totum
1478 3968 1907 4042 membrana
1964 3966 2380 4056 constabat,
2461 3967 2866 4068 &impigri
2907 3993 2992 4042 ac
3031 3963 3312 4042 solertis
3357 3965 3664 4062 alicujus

913 3991 1162 4141 fflribae
1198 4064 1322 4142 seu
1368 4064 1861 4166 Bibliographi
1896 4089 2158 4140 manus
2202 4062 2474 4140 assiduo
2513 4064 2765 4142 labore
2806 4063 2966 4162 post
3013 4064 3320 4165 longum
3365 4064 3666 4140 tandem

918 4183 1212 4262 tempus
1256 4163 1664 4242 absolutum
1718 4163 2138 4242 reddiderat
2155 4214 2184 4252 ,
2234 4166 2785 4266 quadringentis
2828 4183 2956 4238 aut
3002 4165 3423 4263 quingentis
3455 4185 3669 4239 coro-

915 4266 1111 4344 natis
1192 4261 1488 4344 veniffe.
1766 4263 1876 4339 nti
1944 4265 2318 4340 Antonius
2371 4264 2701 4338 Bononia
2759 4263 3490 4354 BECCATELLUS,
3542 4285 3670 4336 co-

971 4382 1327 4440 nomento
1371 4363 1647 4442 PANH
1730 4361 2079 4452 RMrrA,
2113 4361 2408 4438 Livium
2435 4388 2477 4437 a
2502 4359 2913 4444 POGGIO
2945 4362 3252 4454 emerit,
3304 4383 3670 4440 memora-

916 4385 1067 4537 §ne
1103 4460 1251 4537 hoc
1284 4460 1461 4559 ejus;
1496 4459 1907 4559 epistolium
1947 4461 2044 4537 ad
2078 4457 2536 4558 Alphonsum
2580 4461 2862 4565 Regem
2897 4455 3277 4563 Neapolit.
3305 4455 3672 4638 decgairrati

1433 4640 1443 4650 .
2016 4625 2030 4632 -
2697 4601 2708 4610 ‘
2981 4623 2992 4630 -
3346 4600 3407 4648 aa
3507 4575 3670 4654 81¹²*—
