4042 5100
611 389 747 475 148
1514 376 1523 383 ·
1647 376 2035 456 ’ri‘rus
2121 380 2619 460 umus,

600 584 811 645 mum
851 551 1209 672 exemplo
1230 612 1262 658 ,
1315 581 1781 659 monentur,
1832 584 1943 648 ne
1975 558 2056 648 ie
2094 584 2140 646 a
2167 553 2556 675 legendo,
2611 552 3178 679 scribendoque
3206 569 3531 654 omnino
3561 563 3706 655 seq

599 696 988 761 moveant.
1732 710 1739 717 ·
2779 692 2806 713 “

1263 1328 1954 1520 TITUS
2170 1264 3318 1475 L1v1us.-“

1913 1628 2388 1769 §.x¹.'
3023 1646 3033 1657 “

712 1955 789 2014 ο.
822 1921 1189 2014 Albertus
1233 1921 1615 2012 Fabricius
1655 1920 1857 2012 Bibl.
1911 1926 2075 2011 Lat.
2116 1921 2252 2013 lib.
2300 1958 2367 2015 1.
2406 1953 2569 2043 cap.
2598 1928 2725 2015 XI.
2763 1954 2990 2035 agens
3024 1929 3129 2019 de
3171 1933 3359 2021 Tito
3389 1935 3675 2040 Livio,

765 2048 1236 2157 antiquiores
1270 2047 1430 2145 eius
1457 2045 1908 2129 Editionum
1941 2047 2255 2131 notitias
2295 2042 2572 2132 fatetur
2603 2044 2678 2133 se
2722 2072 3067 2160 magnam
3107 2054 3673 2161 partemdebe-

558 2189 687 2245 »τε
748 2163 945 2247 Viro
981 2157 1085 2242 de
1150 2162 1383 2245 Livio
1432 2155 1968 2250 immortaliter
2008 2166 2288 2247 merito
2333 2166 2466 2266 Jo.
2506 2166 2887 2248 Friderico
2929 2167 3348 2252 Gronovio
3398 2165 3665 2255 Prole-

591 2304 806 2383 gom.
852 2275 952 2360 ad
982 2277 1311 2362 Livium.
1426 2275 1533 2360 At
1572 2275 2012 2393 imprudens
2051 2275 2155 2362 ab
2188 2304 2290 2363 eo
2329 2273 2662 2364 diffentit
2689 2304 2722 2376 ,·
2792 2277 2979 2365 dum
3021 2280 3444 2395 Romanam
3481 2312 3667 2369 om-

528 2390 536 2398 ’
600 2396 810 2480 nium
831 2395 1253 2504 principem
1273 2448 1302 2489 ,
1364 2416 1671 2477 curante
1685 2396 1821 2493 Jo.
1841 2390 2156 2478 Andrea
2179 2389 2554 2479 Alerienfi
2585 2389 3010 2507 Episcopo,
3071 2428 3170 2480 ex
3193 2403 3449 2483 Codice
3455 2423 3664 2508 pm-

599 2511 1056 2621 &eptorisfiei
1093 2512 1469 2592 WHort‘ni
1504 2512 1938 2612 Feltretgstlr,
1997 2507 2094 2593 ad
2150 2535 2428 2594 annum
2480 2536 2725 2619 1470.
2770 2508 3054 2597 cefertz
3127 2541 3302 2600 nam
3342 2519 3662 2602 Crono-⁴

458 2635 467 2639 ”
596 2633 764 2711 vius
800 2628 872 2708 ei
916 2624 1306 2722 Editioni,
1365 2629 1570 2730 cujus
1611 2623 1791 2709 bina
1822 2623 2030 2735 apud
2058 2621 2131 2710 se
2171 2626 2560 2712 exstabant
2589 2622 2993 2740 Exempla,
3054 2625 3340 2716 nullum
3373 2659 3658 2718 annum

598 2737 1025 2855 appofitum
1065 2742 1380 2852 reperiri
1422 2737 1700 2823 diserte
1742 2736 2108 2837 affirmat,
2164 2747 2243 2827 &
2276 2738 2522 2829 solum
2559 2743 2901 2849 conjicit,
2961 2770 3130 2830 eam
3179 2743 3659 2834 antevenisse

594 2882 882 2943 annum
919 2879 1167 2964 1471.
1208 2856 1431 2971 quod
1463 2857 1618 2942 hoc
1658 2883 1864 2944 anno
1899 2856 2350 2957 PAULUS,
2415 2865 2537 2944 cui
2580 2864 2905 2956 dicatur,
2964 2858 3510 2948 mortalitatem
3531 2891 3661 2949 ex·

593 2973 945 3088 pleverit.
1062 2972 1470 3060 Convenit
1504 2999 1693 3059 vero
1727 2974 2077 3058 Fabricio
2112 3001 2288 3060 cum
2339 2978 2747 3060 Gronovio
2774 3030 2801 3071 ,
2865 2975 3051 3062 dum
3085 2978 3513 3066 Romanam
3556 2974 3658 3065 al-

588 3115 835 3176 teram
858 3116 1014 3201 -per
1050 3085 1491 3175 Udalricum
1529 3082 1840 3176 Gallum
1881 3088 2154 3175 fafiam
2191 3118 2367 3176 cura
2401 3093 2722 3193 Joannis
2748 3088 3075 3177 Antonii
3114 3096 3490 3207 Campani
3527 3121 3656 3180 re-

583 3204 746 3299 fert
788 3207 884 3292 ad
923 3232 1166 3290 annos
1211 3210 1564 3313 1471.·&
1608 3234 1839 3314 1472.
2020 3204 2250 3292 Hisce
2303 3211 2507 3292 enim
2550 3233 2711 3294 eam
2762 3202 3061 3305 exiiffe,
3121 3236 3327 3294 anno
3365 3207 3654 3298 scilicet

602 3351 760 3431 147
782 3356 837 3405 ι.
873 3327 1190 3434 primam
1228 3321 1625 3406 Decadem
1658 3378 1685 3419 ,
1744 3325 2041 3406 tertiam
2070 3329 2152 3407 δι
2186 3345 2528 3439 quartam
2562 3349 2765 3409 anno
2815 3354 2849 3407 1
2870 3347 3069 3428 472.
3106 3322 3342 3410 fidem
3372 3324 3508 3411 fibi
3533 3325 3654 3412 fa·

588 3465 770 3526 tere
811 3440 1094 3542 Regiae,
1157 3466 1327 3553 quae
1364 3436 1648 3524 Parifiis
1696 3439 1840 3538 est,
1901 3435 2401 3525 Bibliothecae
2432 3440 2775 3524 Iudicem
2801 3495 2829 3536 ,
2890 3439 3143 3524 ici-ibit
3172 3443 3652 3530 Gronovius.

522 3659 529 3664 p
590 3561 969 3645 Venetam
1020 3551 1691 3666 per,Vindelinum
1725 3547 2158 3669 Spireniem
2193 3558 2388 3641 Livii
2431 3556 2871 3641 Editionem
2925 3580 3266 3642 accurate
3311 3556 3656 3664 designat

527 3690 541 3696 ’
587 3668 749 3785 ipse
800 3670 1177 3756 Fabricius
1213 3700 1236 3759 ς
1319 3674 1617 3754 nonita
1666 3697 1920 3757 tamen
1958 3676 2461 3768 Gronovius,
2520 3675 2655 3786 q'ui
2698 3674 2772 3754 in
2820 3698 3156 3780 errorem
3193 3673 3572 3760 adductus
3604 3701 3662 3768 a

582 3784 973 3875 francisco
1022 3781 1484 3870 Robortello
1522 3790 1601 3869 in
1640 3789 2213 3872 Convenientia
2261 3790 2591 3879 Livianae
2629 3783 3179 3900 supputationis
3228 3814 3403 3873 cum
3450 3819 3653 3874 mar-

572 3906 927 3992 moribus
958 3897 1468 4012 Capitolinis,
1496 3896 1502 3902 *
1530 3908 1612 3987 &
1642 3908 1718 3986 in
1753 3904 2474 4002 Emendationibus,
2538 3903 2857 3990 eandem
2888 3931 3060 3987 cum
3082 3904 3431 3987 Romana
3448 3933 3650 3990 con-

582 4017 887 4117 fundit,
947 4020 1321 4135 additque
1342 4020 1446 4103 de
1470 4018 1644 4116 su0,
1707 4016 1778 4103 se
1804 4042 2067 4129 putare
2081 4076 2107 4117 ,
2160 4019 2654 4106 Vindelinum
2691 4045 2865 4103 eum
2892 4014 3082 4114 effe,
3129 4028 3260 4129 qui
3256 4022 3351 4122 fi
3376 4024 3650 4105 Smin·

578 4136 889 4222 beimum
938 4143 1018 4218 in
1061 4142 1254 4222 calce
1303 4141 1714 4225 Voluminis
1771 4142 2080 4245 appeunt
2098 4192 2127 4235 ,
2180 4161 2270 4220 ut
2283 4142 2538 4242 solent
2572 4139 2757 4220 Itali
2815 4139 3259 4220 Germanica
3293 4140 3647 4224 vocabula

410 4267 419 4276 ’
573 4262 972 4342 invertere.

3428 4459 3646 4592 Ptin·-
