4042 5100
596 296 701 383 os
924 264 1061 371 m}
1102 285 1820 389 AN‘nQnssmA
1865 283 2202 365 LATm.
2239 287 2800 379 ammonuit
2843 290 3350 371 ammona.

600 481 682 561 δι
723 469 1097 558 linearum
1133 469 1534 557 interstitio
1572 467 1949 555 insttuffl.
2064 466 2365 554 Auctor
2402 462 2654 582 glofl‘ae
2696 470 3141 569 ordinariae,
3192 470 3348 561 five
3396 478 3462 559 is
3497 477 3714 567 Wa-

596 584 916 676 lafridus
960 585 1426 688 STRABO,
1502 582 1851 671 Rhabani
1886 578 2231 670 MAURI
2272 577 2716 698 discipulus,
2800 589 2934 701 qui
2986 583 3144 675 saec.
3191 591 3320 676 lx,
3370 594 3716 693 floruit,'

598 703 758 794 five
816 701 999 792 alius
1052 701 1317 802 fuerit,
1377 699 1477 789 fic
1528 707 1759 789 etiam
1810 695 1947 787 suo
1990 705 2145 805 jam
2207 726 2378 787 aevo
2430 694 2687 806 legisse
2740 706 3066 790 videtur.
3180 706 3312 793 Ad
3355 707 3718 794 verbum

601 827 811 910 enim
876 827 1249 921 Trfflatur
1303 822 1460 907 haec
1492 821 1941 904 annotavitz
2006 820 2212 930 Qia
2262 826 2343 900 in
2376 820 2736 928 preffieris
2762 824 3233 932 ingentiſsere
3248 823 3716 932 probibuit,

610 966 826 1037 nunc,
862 941 1046 1052 quid
1068 970 1108 1020 e
1139 956 1403 1023 contra
1423 940 1820 1049 gerendum
1835 941 1976 1040 stt,
2037 937 2361 1035 ostendit.
2477 938 2683 1020 Voci
2699 961 2949 1024 autem
2984 943 3167 1020 Oret
3199 943 3390 1025 hanc
3423 967 3724 1027 notam

603 1056 887 1164 adjecit
919 1088 940 1140 t
1003 1061 1123 1139 Ne
1147 1074 1557 1139 murmuret
1587 1088 1613 1132 .·
1673 1084 1763 1136 ne
1772 1053 2078 1160 judicia
2108 1054 2264 1133 Dei
2301 1058 2677 1160 vituperet
2695 1108 2721 1151 ,
2756 1047 2889 1155 fid
2913 1058 3014 1137 ad
3038 1060 3394 1160 ecclesiam
3424 1079 3716 1143 currat

470 1232 477 1237 -
582 1180 820 1280 flexis
863 1173 1212 1286 genibus,
1270 1193 1359 1252 ut
1400 1172 1606 1255 ‚Deus
1647 1173 2204 1272 consolationem
2256 1177 2562 1264 mittat,
2626 1190 2790 1253 oret
2806 1226 2830 1266 ‚
2891 1202 2979 1253 ne
3003 1175 3269 1276 saculi
3320 1181 3665 1276 tristitia
3679 1232 3712 1275 ‚

601 1322 759 1405 qua
796 1306 1107 1401 mortem
1141 1308 1530 1398 operatur,
1602 1286 2074 1388 absorbeatur
2095 1341 2121 1381 ,
2193 1289 2289 1367 ἔθ’
2343 1285 2604 1367 crebra
2626 1290 3043 1395 pfitlmodiae
3082 1291 3449 1373 dulcedine
3482 1303 3711 1376 noci-

602 1438 776 1517 vam
824 1390 1155 1507 tristitia
1181 1413 1441 1512 pestem
1475 1408 1558 1486 de
1607 1407 1820 1485 corde
1851 1406 2101 1511 penae.
2215 1399 2566 1484 Eandem
2605 1430 2928 1517 quoque
2970 1401 3388 1491 letitionem
3427 1411 3710 1495 inveni

604 1530 695 1613 in
730 1522 1082 1609 editione
1112 1519 1542 1608 Bibliotum
1569 1573 1598 1618 ,
1660 1546 1828 1634 quae
1870 1514 2172 1603 Bafileae
2210 1519 2311 1605 A.
2355 1546 2592 1625 ¹491·
2632 1524 2834 1631 typis
2873 1522 3049 1605 Nic.
3093 1518 3380 1615 Kesseri
3418 1526 3498 1607 in
3552 1520 3707 1610 fol.

609 1640 875 1729 exenia
917 1638 1103 1751 fuit,
1162 1639 1243 1724 in
1274 1631 1423 1723 illis
1450 1638 1685 1733 item,
1747 1663 1918 1750 quae
1941 1632 2302 1746 Lugduni
2336 1659 2433 1718 ex
2471 1630 2708 1748 praelo
2738 1638 3286 1739 JacobiSacon
3306 1637 3407 1722 A.
3439 1669 3473 1724 1
3497 1670 3706 1744 5²2·

435 1798 442 1805 ·
610 1761 693 1843 &
737 1754 1025 1842 Parifiis
1062 1780 1159 1841 ex
1193 1749 1497 1840 officina
1534 1752 1858 1856 Joannis
1877 1746 2178 1835 Preueli
2208 1746 2312 1833 A.
2356 1779 2599 1858 1523.
2630 1754 2708 1835 in
2743 1754 2994 1839 torma
3026 1751 3447 1841 oeiifariam
3481 1785 3710 1843 com·

606 1867 884 1986 plicata
930 1870 1323 1982 prodiere.
1437 1872 1528 1954 In
1563 1869 1914 1955 editione
1956 1865 2277 1979 quidem
2387 1870 2587 1951 rimae
2630 1870 3216 1980 magnitudinis,
3278 1900 3449 1986 quae
3482 1875 3707 1988 Lug-

607 1989 803 2075 duni
853 1992 935 2072 in
990 1986 1498 2103 typographia
1543 1988 1865 2090 Joannis
1915 1976 2228 2095 Moylin
2353 1985 2459 2066 ias
2521 1981 2620 2067 de
2672 1985 3069 2098 Cambray
3111 1985 3460 2102 impenfis
3508 1992 3705 2076 Ste-

602 2108 838 2220 phani
877 2103 1374 2218 Gueynardi‚
1433 2097 1614 2191 alias
1652 2104 1941 2197 Pineti,
2002 2097 2107 2183 A.
2151 2126 2395 2203 1520.
2435 2124 2689 2186 curata
2719 2098 2907 2197 fuit,
2964 2104 3090 2189 hic
3133 2103 3382 2190 verius
3440 2102 3543 2190 fic
3593 2103 3707 2193 le-

606 2228 806 2333 gitur
841 2258 860 2308 2
937 2227 1312 2321 Tnstatur
1352 2240 1595 2303 autem
1648 2225 1916 2329 aliquis
1974 2223 2290 2314 vestrum
2331 2250 2359 2293 .-
2425 2220 2521 2300 85'
2575 2237 2739 2299 oret
2785 2250 2921 2329 quo
2967 2229 3208 2304 animo
3250 2226 3346 2306 ἓν*
3381 2227 3688 2333 psauat.

608 2339 772 2427 Sed
826 2340 1247 2453 typothetae
1301 2332 1687 2421 oscitantia
1740 2334 2074 2416 nostram
2121 2325 2538 2415 lectionem
2597 2332 2722 2416 hic
2775 2335 3259 2447 depravatam
3308 2332 3460 2424 effe
3521 2343 3702 2457 quis

610 2483 779 2543 non
837 2454 1119 2539 videt?
1185 2455 1386 2536 Hinc
1430 2454 1511 2535 in
1563 2445 1813 2563 priscis
1850 2452 2083 2535 etiam
2126 2440 2385 2530 Bibliis
2434 2450 2913 2536 Germanicis
2951 2454 3074 2536 hic
3119 2449 3333 2540 locus
3374 2454 3477 2541 fic
3514 2457 3699 2546 red-

614 2575 819 2657 ditus
858 2569 964 2654 est
1006 2604 1026 2654 z
1085 2576 1183 2670 Ill
1213 2571 1389 2652 aber
1439 2581 1611 2650 εὕει·
1644 2597 1859 2677 eyner
1903 2572 2210 2676 traurig
2229 2621 2254 2659 ‚
2338 2567 2468 2646 der
2505 2563 2668 2649 bete
2715 2577 2858 2650 mit
2880 2570 3331 2670 ,li-blachtent
3372 2574 3693 2670 herza,

609 2692 766 2772 und
782 2691 1140 2799 pstruiere.
1257 2685 1453 2770 Duae
1492 2709 1744 2769 autem
1807 2709 2079 2768 eorum
2115 2680 2496 2766 editiones
2540 2679 3062 2796 conspirantes
3102 2691 3250 2794 jam
3295 2690 3487 2775 mihi
3534 2687 3701 2778 sunt

610 2806 714 2893 ad
768 2831 1083 2902 manus,
1142 2828 1291 2891 una
1332 2800 1690 2914 Augustae
1722 2793 2038 2886 Vindel.
2078 2801 2162 2884 in
2211 2793 2350 2882 fol.
2399 2803 2573 2906 maj.
2614 2797 2718 2884 A.
2760 2828 3002 2909 ¹477·
3035 2800 3190 2888 fine
3226 2808 3702 2922 typographi

605 2920 945 3034 indicio,
1007 2916 1238 3009 altera
1287 2919 1581 3003 ibidem
1628 2920 1707 3002 in
1763 2911 1904 3001 fol.
1933 2920 2119 3001 min.
2155 2911 2257 2998 A.
2299 2941 2540 3022 1490.
2574 2920 2780 3030 typis
2807 2919 3038 3020 Joan.
3069 2916 3696 3042 Schoenspergeri

608 3064 887 3134 curata.
1002 3042 1281 3123 Parum
1314 3037 1580 3150 itaque
1610 3032 1869 3132 abest,
1922 3036 2115 3145 quin
2157 3027 2520 3143 suspicer,
2575 3033 3004 3118 constanter
3037 3032 3136 3120 fic
3184 3030 3442 3151 legifle
3490 3065 3692 3127 vete-

606 3182 754 3242 res.
873 3157 1163 3239 Mirum
1197 3156 1466 3267 igitur,
1522 3175 1611 3233 ac
1659 3150 1777 3233 bis
1825 3152 2149 3245 mirum,
2181 3150 2410 3250 ,inter
2449 3151 2683 3233 varias
2713 3144 3091 3238 lectiones
3129 3148 3411 3268 vulgati
3449 3159 3691 3248 inter-

546 3351 558 3361 .
606 3274 847 3384 pretia
901 3270 1085 3382 post,
1121 3271 1254 3372 J0.
1288 3267 1814 3352 HENTENII
1855 3265 2293 3352 industriam
2333 3287 2375 3348 a
2406 3259 2837 3381 Theologis
2863 3268 3462 3359 Lovanienfibus
3499 3299 3694 3359 con-

604 3384 919 3503 quifitas
977 3412 1077 3472 ne
1125 3387 1525 3498 vestigium
1586 3383 1904 3499 quidem
1946 3384 2162 3490 hujus
2202 3376 2553 3466 ledtionis
2595 3407 3067 3496 comparere.
3186 3389 3386 3472 Utor
3431 3413 3692 3476 autem

609 3509 889 3591 eximia
928 3502 1274 3587 editione
1294 3530 1572 3703 auquae
1603 3505 2097 3624 Antvverpiae
2143 3525 2241 3583 ex
2280 3492 2582 3586 officina
2622 3497 3171 3617 christophori
3221 3498 3551 3595 Plautini
3591 3502 3697 3594 A.

609 3630 825 3732 1583.
885 3622 966 3704 in
1024 3628 1092 3705 8.
1141 3645 1289 3730 pro
1356 3621 1460 3702 ’‘t.

610 3890 683 3944 1.
722 3863 925 3948 Petr.
964 3858 1024 3944 1.
1060 3887 1168 3964 23·
1211 3854 1702 3976 perverbum
1742 3858 2103 3949 Dei-vivi
2135 3868 2215 3948 &
2253 3868 2762 3977 permanentis
2795 3869 3167 3960 omittunt
3191 3880 3276 3958 in
3318 3875 3692 3976 aetmumg

886 4095 1097 4182 Cum
1120 4092 1447 4184 multum
1474 4092 1883 4211 praesertim
1920 4096 2021 4182 ad
2054 4106 2457 4205 genuinam
2491 4099 2905 4193 lectionem
2945 4103 3538 4227 Apocalypseos
3574 4108 3692 4195 di-

596 4207 1117 4420 ἱῖῧίξοὶὲἀλω
1168 4212 1895 4428 νετίὶοίῃεωὲυςᾳαω
1932 4240 2242 4425 vocants,
2277 4216 2651 4426 vulgeantam
2689 4223 3128 4362 conducere
3160 4229 3266 4314 D
3291 4227 3686 4316 BENGE-

1049 4355 1369 4446 ppmtu
1424 4359 1539 4426 uo,
1697 4358 1857 4428 tico
1874 4361 1952 4448 p.
1991 4348 2178 4441 282.
2225 4364 2426 4454 qq.c
2549 4366 2708 4454 ⁴eat,
2733 4340 3204 4460 inttdpiguit
3227 4373 3387 4454 me,
3406 4362 3692 4552 ἓξὲξ-3
