4042 5100
344 1671 353 1678 ·
407 1645 641 1850 gbb)
727 1672 940 1749 1471.

115 2015 125 2066 l

115 2289 124 2334 l

1194 203 2570 340 PLATONISDEFENslo.
2941 321 2946 326 .
3056 204 3070 219 ⁰
3248 288 3389 363 23³

301 442 399 524 P.
436 376 453 538 ,ν
474 413 736 519 'ovidii
796 405 1109 538 Nasbinis
1170 407 1812 546 Metamorphcffeos
1847 492 1874 530 ‚
1920 411 2037 520 Ἐφ’
2119 443 2549 554 Elegiarum
2639 452 2957 528 omnium
3022 450 3397 528 volumina

426 563 830 664 quingenta
856 560 1390 663 quinquaginta
1712 597 1750 616 -
1884 615 1889 620 -
2102 602 2145 622 -
2492 606 2521 623 ·
2892 586 2931 664 5
2952 586 2990 665 5
3004 592 3053 643 0
3175 560 3269 662 (lt
3289 562 3392 661 h)

198 706 203 709 ’
302 706 620 788 Nic-olai
657 705 743 785 de
776 704 979 811 Istra
1004 704 1377 784 volumina
1418 704 1611 782 mine
1621 753 1650 796 ,
1714 702 1812 785 ἓν*
1841 651 2132 787 centurn
2365 752 2405 773 -
2631 755 2661 773 ·
2856 735 2898 799 1
2917 735 2952 791 1
2968 735 3075 794 00.
3194 717 3332 813 (ii
3344 712 3388 821 )

596 910 822 1001 Solus
854 919 1162 1029 itaque,
1220 933 1306 998 ut
1344 935 1694 1026 apparet,
1756 915 2122 1005 Donatus
2161 945 2308 1032 pro
2347 916 2676 1035 puerulis
2715 917 2975 1010 locum
3001 925 3085 1008 in
3126 919 3386 1014 ffflaa

303 1029 543 1118 nobis
587 1057 834 1145 usque
867 1031 1116 1115 modo
1154 1028 1598 1114 recenfione
1637 1035 1956 1120 minime
1990 1039 2307 1124 invenit.
2423 1033 2569 1122 Nil
2605 1043 2882 1125 mirum
2941 1041 3387 1128 Editionem

301 1144 519 1233 illam
558 1148 789 1232 nobis
830 1151 1143 1244 minime
1196 1140 1596 1234 occurriffe
1622 1200 1651 1245 ,
1727 1175 1958 1264 quam
1991 1149 2409 1264 Annalium
2449 1158 3222 1268 Typographicorum
3266 1185 3393 1270 pa·

304 1290 493 1351 tens
548 1262 841 1386 fatetur,
881 1291 1028 1350 nec
1059 1291 1103 1350 a
1146 1258 1388 1376 seipso
1426 1288 1768 1379 unquam
1810 1262 2222 1380 inspectam
2279 1271 2520 1372 (kk).
2634 1274 2706 1358 Is
2746 1267 2904 1387 ipse
2938 1276 3032 1358 T.
3082 1302 3149 1359 ι.
3196 1276 3281 1358 P.
3317 1302 3391 1361 1.

1938 1386 2107 1492 Gg
2535 1443 2564 1462 -.
3107 1463 3118 1474 .
3217 1416 3391 1504 pag.

602 1527 617 1544 l

3180 1571 3389 1594 κ

471 1749 591 1849 ii)
646 1772 861 1847 1471.
910 1769 1121 1845 1472.
1154 1753 1402 1851 Atque
1437 1747 1558 1824 hic
1584 1746 1956 1847 acquievit
1979 1747 2579 1827 CARDINALIS
2613 1748 2834 1826 nostri
2862 1748 3231 1840 industria,
3271 1750 3394 1826 cui
3469 1751 3482 1756 ’

653 1848 819 1926 illos
845 1845 1290 1949 potiffimum
1316 1848 1538 1924 libros
1564 1847 1933 1924 recensere
1966 1849 2447 1950 ‘constitutum
2482 1870 2684 1940 erat,
2736 1872 2920 1948 quos
2959 1848 3235 1923 laudati
3276 1867 3398 1946 ty-

653 1949 1052 2050 pographi,
1104 1946 1328 2023 Paulo
1361 1950 1452 2022 11.
1478 1948 1884 2021 Romanam
1910 1945 2151 2021 sedem
2185 1967 2636 2046 occupante,
2676 1948 3156 2023 excuderunt.
3206 1947 3396 2022 1³1ae-

650 2065 767 2119 ter
799 2069 926 2122 eos
964 2046 1601 2123 MAITI'AIRIUS
1637 2040 1902 2121 Annal.
1932 2065 2226 2145 typogr.
2251 2046 2470 2119 Tom.
2503 2047 2559 2120 Ι.
2598 2069 2850 2145 p.329.
2880 2047 3057 2120 edit.
3085 2050 3177 2121 11.
3207 2043 3393 2120 duos'

651 2144 877 2220 modo
917 2140 1174 2232 affert,
1226 2144 1316 2218 ab
1350 2142 1557 2242 ipfis,
1609 2141 1952 2219 societate
1984 2144 2226 2217 adhuc
2261 2140 2570 2238 junctis,
2605 2152 2699 2221 A.
2740 2167 2953 2239 1473.
2983 2146 3059 2217 in
3090 2143 3218 2219 fol.
3260 2147 3396 2217 im-

650 2240 923 2337 pressos
940 2287 968 2333 ,
1020 2263 1286 2338 nempe
1306 2240 1707 2319 Aristotelis
1740 2244 2021 2330 Ethica,
2064 2242 2450 2342 Leonardo
2482 2244 2793 2318 Aretino
2823 2245 3262 2340 interprete,
3305 2265 3393 2317 ac

648 2338 942 2416 Nicolai
1008 2341 1431 2416 PEROTTI
1485 2340 1579 2414 ad
1646 2339 2005 2437 Pyrrhum
2074 2341 2454 2430 Perotturn
2474 2390 2502 2429 ‚
2579 2365 2672 2416 ex
2717 2341 2937 2418 fratre
2997 2361 3389 2443 nepotem,

644 2441 1095 2518 Rudimenta
1142 2439 1703 2515 Grammatices.
1803 2441 1921 2514 Ab
1953 2464 2043 2513 eo
2080 2459 2414 2537 tempore
2436 2440 2808 2516 Arnoldus
2841 2442 3165 2516 Pannarz
3199 2439 3415 2515 solus·

648 2539 726 2614 in
772 2539 996 2615 domo
1046 2538 1241 2613 Petri
1282 2538 1385 2631 de=
1412 2537 1753 2614 Maximis
1779 2538 2104 2613 «excudit
2145 2539 2406 2613 iterata
2446 2541 2613 2615 vice
2663 2543 2757 2615 A.
2796 2560 3007 2635 1474.
3052 2539 3129 2621 δι
3176 2545 3388 2634 1476.

649 2636 1076 2715 PEROTTI
1117 2638 1559 2713 Rudimenta
1590 2636 2005 2710 Grammat.
2049 2644 2142 2711 A.
2189 2657 2401 2732 1475.
2446 2637 2811 2713 Hieroclis
2859 2641 3284 2714 Comment.
3314 2637 3393 2712 in

652 2735 1084 2833 Pythagora:
1139 2752 1433 2807 carmen
1469 2754 1812 2822 aureum,
1862 2734 2177 2906 thsePffi
2220 2736 2298 2808 &
2325 2736 2690 2810 Herodoti
2722 2735 3118 2826 Historias»,
3181 2736 3393 2812 Statii

651 2830 949 2930 Sylvas‚
1001 2833 1288 2906 Senecae
1318 2829 1659 2931 Epistolas
1678 2878 1705 2921 ,
1933 2833 2242 2906 aurentii
2275 2831 2509 2907 Vallae
2537 2832 2947 2932 Elegantias
2986 2835 3228 2923 Latini
3254 2832 3394 2907 ser-

649 2929 890 3004 monis
929 2931 1370 3029 tandemque
1394 2938 1487 3006 A.
1540 2937 1751 3024 1476.
1793 2929 2248 3029 Qlaestiones
2285 2930 2685 3008 ThomaeA
2786 2933 3048 3020 inatis,
3101 2933 3179 3007 ὃ(
3213 2933 3394 3013 Hie-

647 3029 940 3127 ronymi
965 3026 1437 3126 Epistolarum
1473 3029 1764 3104 Partem
1821 3029 2156 3128 primam.
2260 3028 2630 3109 Observat
2742 3032 3301 3109 AlTrAIRmS
3335 3028 3386 3104 1.

649 3151 718 3201 c.
751 3151 825 3224 p.
877 3124 1457 3222 360.Arnoldum
1488 3127 1814 3203 Pannarz
1836 3176 1866 3218 ,
1915 3125 2295 3226 postquam
2325 3126 2514 3203 solus
2552 3130 2654 3203 im
2707 3130 2970 3204 rimere
3011 3146 3342 3231 coeperat
3358 3177 3387 3218 ‚

648 3243 869 3398 {inOE
902 3223 1081 3398 ειὶίοὲ»
1114 3224 1545 3316 adhibuiffe,
1572 3249 1793 3328 quam
1818 3222 2150 3327 qualibus
2182 3246 2399 3302 antea
2435 3249 2606 3302 cum
2704 3227 2981 3303 onrado
3010 3228 3389 3313 Schwein-

704 3348 848 3399 eun
885 3344 1014 3399 ute
1068 3347 1255 3398 atur.

331 3446 345 3463 ·
406 3418 623 3523 (kk)
671 3424 1047 3498 Donatum
1086 3421 1339 3512 illum,
1407 3421 1526 3500 vel
1571 3424 1818 3524 potius
1868 3423 2287 3499 rudimenta
2437 3425 2824 3500 ammatica
2881 3448 3015 3521 pro
3063 3421 3387 3523 puerulis

650 3521 1136 3599 elementariis
1173 3522 1393 3596 unice
1418 3522 1663 3613 edita',
1731 3521 1947 3619 plane
1986 3520 2293 3622 disparui
2352 3547 2393 3598 e
2422 3524 2583 3620 quis
2626 3525 3067 3599 mirabitur?
3137 3520 3390 3596 Solent

650 3622 849 3698 enim
887 3619 1289 3696 istiusmodi
1326 3619 1548 3697 libelli
1586 3622 2016 3722 quotidiano
2058 3622 2136 3697 δι
2170 3622 2467 3697 incauto
2512 3620 3070 3723 tyrunculorum
3099 3619 3388 3695 usude-

648 3720 788 3796 teri
806 3765 834 3806 ‚
887 3720 1328 3818 tandemque
1366 3719 1649 3818 prorsus
1683 3719 1981 3801 aboleri.
2084 3722 2247 3796 Nec
2290 3744 2472 3796 vero
2506 3719 2883 3819 probabile
2928 3719 3067 3807 est,
3116 3720 3387 3797 Rorna-

651 3841 821 3895 nam
874 3816 1072 3893 illam
1110 3819 1387 3894 Donati
1431 3821 1830 3895 editionem
1873 3818 2133 3920 ligneis
2182 3818 2464 3895 tabellis
2513 3820 2789 3895 viscido
2831 3819 3151 3918 quodam
3198 3835 3389 3892 atra-

644 3936 900 4013 mento
928 3918 1225 3991 imbutis
1264 3915 1666 4015 impressam
1692 3915 1893 3993 fuisse
1904 3969 1933 4008 ,
1984 3941 2157 3991 cum
2183 3916 2498 3992 artifices
2539 3917 2759 3995 nostri
2808 3937 2891 4088 tp
2945 3919 3004 3990 is
3066 3914 3385 3989 fusilibus

648 4038 905 4091 omnes
946 4013 1108 4092 suos
1148 4012 1372 4091 libros
1422 4034 1571 4089 tam
1608 4017 1839 4090 nitide
1882 4017 2359 4104 extenderint,
2411 4018 2821 4116 modusque
2875 4017 2895 4088 i
2947 4037 3071 4089 ros
3120 4011 3387 4088 tabulis

650 4112 912 4214 ligneis
944 4115 1408 4210 imprimendi
1445 4133 1601 4188 tum
1627 4115 1773 4209 jam
1820 4115 2043 4193 fuerit
2066 4112 2459 4190 obsoletus.
2562 4118 2746 4190 Sunt
2794 4115 2975 4188 mihi
3020 4113 3168 4188 duo
3215 4109 3391 4187 folia

646 4212 925 4288 Donati
993 4212 1414 4309 hujusmodi
1486 4214 1764 4314 antiqui
1785 4260 1813 4304 ,
1865 4213 2064 4311 typis
2113 4209 2510 4312 fingulariis
2547 4260 2577 4305 ‚
2628 4215 2861 4312 iisque
2914 4209 3335 4310 maiusculis
3357 4257 3387 4298 ,

652 4307 772 4383 sed
806 4308 1168 4403 fusilibus,
1220 4309 1592 4415 exscripti,
1642 4313 1949 4413 tegmini
1988 4309 2156 4392 libri
2196 4311 2579 4425 enjusdam
2635 4312 2910 4389 veteris
2965 4307 3392 4389 Germanici.
3525 4394 3528 4401 ,

636 4406 945 4487 interius
989 4410 1464 4513 agglutinata.
2869 4412 2896 4443 ‘⁴
