4042 5100
1328 353 2348 436 s.H1ER0NYMus.
2601 302 2714 411 ἶ·
2920 334 2928 357 ’
3309 308 3449 458 ιοῤ

371 579 507 662 que
544 548 921 654 perplures
935 596 962 639 ‚
1021 541 1339 642 mendose
1357 542 1562 642 satis
1586 543 1919 647 firiptas
1937 512 1981 631 ‚'
2027 543 2122 621 ἓν
2164 570 2262 619 ex
2302 542 2785 641 diverstffi'mis
2831 510 3208 624 Codicibus
3227 554 3451 651 prius

286 696 299 709 ·
372 668 693 748 οοΠεέῖας
706 717 732 757 ,
790 669 870 742 in
913 677 1196 741 certum
1230 658 1557 738 ordinem
1599 688 1646 736 a
1685 657 2060 758 doHiffi'mo
2079 708 2104 749 ‚
2166 660 2262 737 ἔφ’
2296 664 2563 761 optimo
2596 659 2825 749 Patre
2866 656 3224 739 Theodoro
3261 664 3450 743 Tar·

374 785 605 881 visino
648 779 987 884 Episcopo
1042 776 1358 854 redac‘i'as
1373 828 1397 867 ,
1456 781 1611 882 qui»
1632 775 1827 878 apud
1858 792 2060 851 tuam
2114 776 2589 853 SanHitatem
2606 828 2631 868 ‚
2690 775 2858 855 dum
2899 783 2981 855 in
3020 778 3452 859 mortalibus
3500 761 3513 774 ⁸

371 915 670 1005 ageret,
727 893 1204 998 Apocrifiirii
1250 919 1545 983 munus,
1627 892 2285 1008 ⁸Res&rendariique
2345 918 2505 969 cum
2542 918 2806 997 magna
2839 894 3449 977 commendatione

294 1084 305 1095 ,
350 1015 641 1118 semper
685 1013 1067 1116 implevit,
1129 1013 1354 1107 amici
1392 1007 1685 1114 quidam
1749 1007 1851 1083 ad
1901 1033 2010 1082 me
2079 1006 2353 1084 delatas
2408 1009 2763 1111 impendio
2794 1009 3260 1114 popql'ctffint
3280 1064 3306 1105 ,
3357 1028 3448 1090 ut
3500 1098 3506 1105 t

372 1158 529 1209 mea
553 1129 945 1236 diligentia
978 1124 1571 1224 emendatizstule
1605 1122 2083 1202 redderentur
2097 1176 2124 1216 ,
2189 1150 2324 1228 quo
2357 1130 2550 1201 mino
2558 1151 2637 1200 re
2666 1124 3099 1217 difficultate
3127 1127 3278 1232 legi
3288 1128 3449 1232 pos-'-

347 1247 528 1347 sent
552 1274 591 1342 ,·
648 1244 992 1344 excufhta
1038 1245 1152 1320 rei
1182 1239 1690 1347 magnitudine
1711 1289 1748 1332 ,.
1798 1240 2287 1344 ingeniolique
2325 1244 2469 1317 mei
2500 1245 2864 1319 tenuitate
2881 1294 2907 1334 ,
2970 1268 3054 1319 ea
3093 1243 3447 1322 conditio-

367 1390 458 1443 ne
503 1358 930 1467 rogantibus
960 1362 1228 1449 annui,
1286 1374 1387 1462 ut·
1412 1368 1563 1435 meo
1599 1356 1918 1459 exemplo
1973 1354 2075 1432 ad
2108 1351 2242 1469 boo
2277 1355 2724 1455 utiliffl'mum
2761 1377 2932 1461 opus
2971 1363 3292 1461 aptiores
3325 1365 3447 1438 in-

358 1484 679 1557 citarem
705 1529 732 1569 ‚
773 1476 1021 1573 fiiens
1030 1474 1406 1577 saepiffi'me
1441 1474 1739 1568 evemffi‘
1753 1523 1779 1563 ,
1858 1488 1946 1547 ut
1976 1499 2075 1547 ex
2110 1477 2359 1549 initiis
2398 1470 2818 1573 tenutffi'mis
2859 1500 3288 1580 magnarum
3329 1502 3454 1561 re-,

370 1621 536 1673 rum
569 1592 989 1711 primordia
1047 1592 1512 1688 nascerentur
1544 1617 1578 1684 ;
1642 1588 1970 1693 eoque.id
1999 1592 2125 1693 egi
2167 1584 2552 1680 libentius,
2611 1587 2808 1693 quod
2849 1616 3042 1670 nunc
3071 1597 3470 1695 praecipue,

368 1709 605 1809 vistim
660 1712 754 1804 est
803 1726 1078 1810 tempus
1134 1706 1789 1811 opportuniffi'mum
1813 1754 1840 1795 ,
1900 1732 2038 1810 quo
2093 1704 2192 1779 Te
2234 1703 2513 1782 Summi
2552 1703 3033 1799 Pontificatus
3066 1705 3449 1809 Majestati

350 1825 779 1932 praestdente
804 1876 829 1917 ‚
905 1827 1172 1901 merito
1207 1827 1289 1902 in
1332 1824 1588 1902 melius
1632 1821 1883 1909 cunHa
1908 1816 2349 1927 'prtffetiura
2391 1847 2537 1900 non
2554 1821 2801 1920 solum
2820 1821 3227 1928 sperantur
3242 1874 3270 1918 ,
3303 1823 3457 1922 sed

368 1948 592 2022 etiam
625 1940 1201 2048 perspiciuntur.
3101 1950 3128 1964 ‘

382 2202 389 2211 ·
657 2163 846 2273 Qis
887 2169 1078 2243 enim
1125 2189 1268 2240 non
1322 2160 1531 2241 videt
1562 2210 1590 2251 ³
1648 2184 1838 2239 nunc
1877 2158 2323 2263 pottffi'mum
2353 2160 2838 2259 studiqlorum
2892 2181 3218 2268 tempora
3265 2183 3446 2245 vota

360 2282 499 2381 sua
530 2281 810 2359 eoelitus
841 2281 967 2378 ff
989 2279 1325 2379 sortita,
1385 2282 1466 2356 in
1488 2276 1783 2376 stamma
1834 2295 2021 2380 pace
2073 2277 2317 2354 Italia
2331 2332 2358 2369 ,
2431 2275 2656 2356 Urbis
2690 2282 2899 2373 statu
2971 2282 3395 2385 quietiffl'mo
3411 2333 3443 2376 ‚

370 2424 617 2476 rerum
652 2402 968 2474 omnium
1001 2399 1205 2500 copia
1221 2447 1245 2486 ,
1306 2399 1656 2499 inquietis
1701 2389 2109 2470 hominibus
2146 2395 2407 2490 inc-uffo
2476 2412 2672 2472 metu
2688 2444 2741 2501 ,Ι
2779 2393 2985 2473 bonis
3039 2425 3215 2477 vero
3252 2418 3442 2502 pro-

369 2515 671 2594 teHione
702 2517 1134 2610 monstrata,
1194 2517 1283 2612 in
1337 2510 1579 2589 Curia
1625 2510 1961 2587 Romana
2030 2504 2121 2585 ab
2174 2516 2372 2587 omni
2395 2510 2624 2608 sorde
2677 2511 3046 2590 mundicia
3067 2565 3094 2605 ,
3140 2511 3443 2617 justitia

369 2639 668 2737 vigente
685 2629 1247 2729 florentifflma?
1307 2628 1584 2705 Fateor
1618 2625 1937 2731 equidem
1970 2652 2114 2703 non
2157 2627 2284 2722 ff
2321 2621 2451 2704 bo'c
2500 2653 2734 2705 meum
2769 2633 3114 2734 exiguum
3159 2658 3450 2725 munus,

371 2765 502 2824 tua
537 2747 832 2851 dignum
868 2746 1308 2837 SanHitate‚
1367 2743 1559 2847 quod
1610 2759 1849 2819 tamen
1911 2769 1959 2818 a
2014 2768 2126 2819 me
2184 2743 2543 2838 offertur,
2604 2746 2752 2841 nist
2791 2759 3141 2849 quantum
3198 2753 3442 2824 omnia

371 2863 477 2940 D.
515 2862 992 2965 Hieronymi,
1059 2861 1152 2939 &³
1209 2856 1557 2962 ejusmodi
1634 2857 2056 2935 SanHorum
2080 2908 2110 2949 ,
2164 2858 2726 2963 quandoquidem
2773 2857 2922 2938 hac
2993 2862 3206 2963 ipfius
3262 2864 3441 2940 Hie-

373 2983 662 3082 ronymi
691 3004 832 3054 non
841 2977 1031 3073 fient
1071 2981 1351 3065 omnia,
1406 2978 1875 3081 quantumpis
1903 2978 2208 3051 minima
2233 3024 2260 3065 ,
2306 2974 2500 3077 apud
2524 2990 2600 3050 te
2634 2992 2875 3052 tamen
2899 2983 3223 3054 maxima
3227 2978 3436 3069 sunt.
3497 3067 3508 3078 ,

282 3143 291 3149 -
370 3095 520 3176 Sed
539 3094 720 3201 quid
734 3095 1070 3190 facerem
1109 3108 1227 3204 tot
1256 3089 1613 3185 beneficiis
1645 3117 1693 3166 a
1756 3091 1854 3166 Te
1905 3091 2363 3167 cumulatus?
2424 3089 2508 3169 de
2545 3091 2858 3193 pulvere
2880 3144 2906 3184 ,
2979 3092 3072 3169 ΕΤ
3108 3098 3438 3189 stercore

370 3216 453 3291 in
488 3212 938 3313 Principum
1004 3209 1200 3285 Solio
1281 3206 1712 3286 collocatus?
1789 3205 2308 3305 Delitfierem
2356 3232 2446 3282 ne
2484 3206 2780 3310 semper
2795 3260 2820 3299 ‚
2888 3208 2982 3286 Εἴ
3051 3235 3149 3286 ex
3202 3214 3439 3287 nimia

319 3389 329 3399 .
369 3329 806 3406 verecundia
856 3331 1176 3431 ignavia
1219 3330 1525 3402 crimine
1581 3320 1975 3402 obruerer?
2051 3319 2293 3399 Dabis
2341 3326 2629 3399 veniam
2655 3373 2680 3414 ‚
2760 3318 3106 3404 PATER
3191 3320 3440 3403 ΒΕΑ-

371 3441 778 3522 TISSIME
798 3494 826 3533 ‚
878 3442 1313 3535 Pontificum
1344 3435 1920 3540 manficetiffime,
1980 3437 2307 3534 Ecclefi'a
2339 3437 2493 3518 Dei
2522 3440 2778 3544 gloria
2796 3491 2823 3531 ,
2884 3436 3085 3517 dabis
3119 3447 3437 3532 veniam,

373 3559 473 3640 ἔτ’
491 3576 905 3662 promptam
938 3559 1388 3635 voluntatem
1415 3576 1560 3660 pro
1590 3552 1862 3657 majori
1906 3579 2201 3631 munere
2246 3549 2731 3656 computabis,
2789 3581 2951 3632 cum
2971 3555 3280 3635 ‚videris
3319 3582 3433 3633 me

369 3676 717 3783 digniora
750 3674 1062 3772 voluisti.
1188 3673 1426 3752 Trado
1477 3677 1666 3750 enim
1719 3667 1868 3748 tibi
1924 3668 2280 3776 quidquid
2333 3667 2546 3746 babeo
2562 3722 2586 3760 ‚
2651 3671 2746 3750 δ’
2793 3669 2927 3748 duo
2995 3677 3279 3750 minuta
3350 3677 3434 3750 in

381 3789 994 3898 Gazophylacium
1024 3793 1290 3882 mitto,
1338 3789 1431 3868 ἐπ’
1465 3789 1662 3892 pilos
1707 3785 2116 3886 vilzffi‘mos,
2174 3802 2262 3862 ut
2313 3784 2635 3876 dicitur,
2695 3785 2796 3863 ad
2852 3788 3192 3890 templum
3277 3785 3433 3864 Dei
3545 3831 3550 3840 ·

373 3910 623 4003 offero.
718 3961 723 3968 ι
763 3909 937 3988 Tuis
971 3922 1169 3984 certe
1207 3901 1641 4008 temporibus
1673 3901 1770 3978 ad
1811 3905 2124 4009 reliquas
2157 3905 2310 3979 Dei
2329 3909 2627 4007 gratias
2660 3898 2791 3979 boc
2828 3908 3051 3978 etiam
3062 3893 3436 3999 felicita-⁴

374 4028 479 4099 tis
532 4020 710 4100 Orbi
768 4020 1170 4118 Christiano
1221 4046 1470 4099 munus
1526 4017 1805 4117 aecfft
1820 4070 1844 4110 ,
1895 4036 1984 4095 ut
2027 4025 2492 4123 pauperrimi
2542 4023 2799 4124 quique
2828 4036 3079 4121 parva
3123 4023 3433 4122 pecunia

373 4134 859 4218 Bibliothecas
881 4137 1143 4246 pofflnt
1180 4138 1552 4217 redimere.
1675 4137 1807 4214 An
1843 4156 2088 4238 parva
2140 4139 2234 4231 est
2286 4131 2435 4213 hac
2486 4150 2628 4210 tua
2681 4133 3111 4212 SanHitatis
3150 4136 3430 4241 gloria,

224 4273 241 4282 ⁴
372 4270 465 4360 ut
495 4277 647 4358 quoe
686 4256 1051 4334 volumina
1081 4262 1224 4335 vix·
1255 4272 1542 4354 centum
1583 4258 1826 4331 aureis
1855 4257 1999 4330 emi
2012 4266 2370 4356 poterant
2414 4247 2589 4327 aliis
2641 4246 3119 4353 temporibus,
3177 4256 3434 4357 vigin-

368 4376 446 4452 ti
474 4365 682 4452 bodie
698 4421 724 4461 ,
788 4399 875 4451 ac
917 4365 1223 4482 minoris
1251 4371 1423 4455 bene
1450 4389 1767 4478 exarata
1778 4409 1806 4465 5
1870 4370 1965 4451 ἔθ’
1998 4391 2143 4462 non
2176 4365 2660 4470 mendofiffi'me
2671 4366 2888 4467 fabia
2921 4366 3381 4450 redimantur
3395 4367 3437 4445 ἕ

1774 4557 1787 4572 χ
1942 4485 2020 4565 Ο
2080 4485 2158 4592 3“
2885 4503 2896 4512 “
3281 4508 3440 4592 quae
