4042 5100
1720 362 2332 449 CICERO.'·
2511 304 2520 311 -
3399 396 3530 476 9?
3619 470 3648 483 ³

2703 482 2710 493 s

417 565 683 647 ooBata
725 586 773 639 a
812 557 1132 675 fingulis
1156 555 1463 653 fuerit,
1518 581 1662 663 qua
1725 552 2029 655 cenfiera
2047 606 2075 647 ‚
2132 555 2229 635 ἓν·
2277 559 2536 660 pretio
2600 559 2727 636 ina
2760 558 2926 657 fint
2951 568 3456 669 perpendenda
3470 619 3498 662 ‚

415 709 575 794 quae
596 682 947 786 vigente,
986 676 1443 780 florenteque
1483 668 1877 777 Republica
1911 679 1993 751 in
2016 689 2237 751 atate
2291 677 2649 770 constanti
2660 725 2685 767 ‚
2744 680 2828 754 in
2887 685 3233 763 maximis
3279 685 3501 768 bono-

421 795 667 891 ribus,
722 819 853 874 nec
881 796 1163 871 minore
1169 789 1501 891 fortuna
1549 788 1806 870 Cicero
1829 785 2089 899 babuit
2111 840 2139 880 ,
2196 791 2407 897 quast
2425 796 2507 869 in
2557 795 2758 875 orbis
2799 810 3175 877 terrarum
3208 801 3501 886 theatro
3635 876 3642 881 .

400 910 978 1022 frequenttffi'mo
995 959 1023 1002 ‚
1087 909 1183 988 θ’
1234 910 1517 1015 Regum
1574 903 1824 984 mundi
1872 906 2178 1005 confiffit
2221 909 2685 1010 ornatiffi'mo.
2810 911 2988 990 Cum
3035 916 3504 1018 adversarius
3553 954 3564 971 ⁴

398 1034 651 1135 fadus
690 1030 785 1113 ἓν
799 1027 1156 1134 prodiens
1180 1045 1379 1132 pane
1422 1048 1603 1102 unus
1618 1075 1642 1114 ,
1708 1024 1804 1102 ἔθ’
1870 1030 1937 1101 is
1974 1023 2262 1131 quidem
2313 1023 2707 1124 adolfiens
2723 1079 2750 1120 ,
2793 1050 2941 1135 pro
3012 1033 3327 1142 Qintio
3380 1041 3501 1120 di*-
3539 1060 3546 1073 ·
3579 1084 3586 1093 -

408 1153 665 1231 eurus
676 1200 700 1239 ,
765 1145 1215 1224 dominatum
1250 1140 1461 1247 Sylla
1488 1141 1913 1245 contempfi't
1927 1192 1953 1233 ‚
2007 1168 2146 1247 quo
2193 1156 2512 1247 tempore
2548 1149 2630 1222 in
2658 1150 2906 1248 primo
2915 1146 3116 1228 ribus
3172 1155 3496 1261 eloquen-

414 1272 546 1347 tia
564 1266 725 1365 fita
766 1265 1159 1369 tyrociniis
1172 1311 1199 1351 ‚
1251 1264 1395 1337 vix
1416 1256 1693 1357 hiscere
1720 1255 2149 1337 audentibus
2156 1258 2341 1356 fori
2354 1260 2785 1363 proceribus
2796 1315 2823 1356 ,
2885 1291 2983 1341 ex
3020 1264 3506 1355 Ciceroniana·

416 1404 545 1464 bre
562 1432 589 1475 ,
653 1406 796 1459 non
826 1377 1039 1489 quod·
1067 1376 1153 1457 de
1202 1377 1507 1473 Nestore
1549 1374 1835 1454 dicitur
1851 1424 1877 1467 ,
1941 1378 2140 1454 mene
2203 1373 2490 1455 dulcior
2505 1428 2530 1470 ‚
2568 1378 2716 1477 fid
2778 1384 2955 1485 igne
3005 1369 3499 1469 vehementzbr

410 1512 856 1606 nequaquam
866 1497 1108 1593 fluere
1120 1548 1146 1587 ,
1206 1518 1468 1572 verum
1499 1509 1871 1596 erumpere
1920 1492 2308 1572 videretur
2367 1500 2635 1574 oratio.
2759 1496 2938 1575 Cum
2984 1500 3096 1609 Μ.
3150 1502 3499 1587 Catonem

404 1620 832 1726 gravitatis
849 1663 875 1704 ‚
963 1610 1059 1691 ὅς’
1105 1609 1479 1716 sapientia
1524 1611 1729 1688 idum
1776 1604 2156 1688 authorem
2183 1661 2210 1703 ,
2310 1634 2399 1691 ac
2448 1615 2873 1718 magistrum
2905 1666 2932 1707 ,
3020 1616 3496 1728 Serviumque

415 1734 817 1837 Sulpicium
870 1728 1125 1809 civilis
1189 1727 1421 1831 Juris
1476 1726 2004 1805 moderatorem
2017 1779 2045 1820 ‚
2110 1728 2207 1808 ἓν·
2290 1726 2596 1807 Senatus
2657 1736 3059 1811 maximum
3119 1737 3442 1817 columen
3464 1788 3497 1834 ,

409 1854 529 1929 ita
558 1874 804 1928 coram
849 1841 1248 1948 Judictbus
1261 1863 1448 1950 pene
1478 1843 1661 1943 ‘lusu
1683 1896 1709 1937 ‚
1752 1841 2073 1949 jocoque
2129 1847 2489 1925 traHaret
2498 1898 2524 1938 ‚
2584 1863 2674 1925 ut
2706 1874 2852 1927 non
2905 1867 3168 1930 contra
3203 1856 3500 1958 princi·

391 1982 529 2073 pes
573 1966 934 2043 Civitatis
950 1962 1115 2061 sua
1139 1984 1288 2068 pro
1344 1964 1663 2040 Murena
1677 1959 1822 2056 suo
1841 2009 1869 2053 ,
1921 1959 2071 2057 fid
2120 1978 2381 2055 contra
2427 1969 2755 2043 novitios
2827 1966 3304 2066 adolescentes
3321 2023 3348 2063 ‚
3405 2000 3495 2052 ac

410 2104 663 2162 rerum
700 2085 1081 2184 imperitos
1096 2098 1244 2183 pro
1300 2083 1471 2155 viro
1528 2079 1853 2152 numeris
1899 2072 2225 2152 omnibus
2286 2096 2875 2159 ornamentorum
2931 2086 3272 2166 civilium
3299 2106 3495 2190 pra·-

410 2199 570 2279 dito
640 2197 1029 2277 videretur
1109 2218 1349 2274 orare.
1471 2189 1650 2273 Cum
1706 2190 2325 2294 populariffi'mam
2403 2193 2636 2301 legem
2701 2198 3118 2304 Agrariam
3135 2252 3162 2294 ‚
3220 2203 3497 2308 Populo

405 2316 731 2395 Romano
756 2309 1105 2423 ‘horreum
1119 2363 1148 2404 ‚
1202 2333 1565 2415 nunquam
1628 2302 1883 2413 absque
1912 2313 2234 2386 maximo
2282 2314 2517 2388 totius
2576 2309 2938 2392 Civitatis
2982 2335 3186 2395 motu
3243 2320 3500 2427 agita-

409 2449 603 2526 tam,
641 2428 816 2535 jam
848 2426 1144 2536 jamque
1185 2424 1538 2506 Tribuum
1585 2424 1973 2533 suffragiis
2007 2443 2239 2530 prope
2296 2423 2655 2520 omnibus,
2707 2447 2794 2508 ut
2823 2433 3237 2536 perspicere
3280 2456 3493 2533 erat,

384 2547 779 2652 ferendam
804 2600 831 2641 ,
880 2546 1149 2653 Populo
1183 2547 1503 2624 Romano
1535 2559 1913 2646 tantopere
1939 2544 2170 2621 ereHo
2188 2594 2214 2634 ,
2277 2544 2374 2623 ἐφ’
2423 2547 2837 2649 expeHante
2859 2599 2886 2640 ‚
2946 2550 3181 2629 eodem
3218 2556 3489 2659 populo

385 2667 651 2773 judice
666 2716 693 2758 ‚
757 2666 851 2746 ἔφ’
873 2663 1172 2768 prastde
1206 2662 1449 2742 veluti
1476 2658 1729 2737 aliena
1757 2660 2003 2758 cauffa
2018 2710 2046 2750 ,
2108 2677 2474 2765 tamquam
2537 2666 2624 2740 in
2676 2667 3122 2770 vertiginem
3179 2697 3227 2746 a
3252 2668 3494 2771 finst..

409 2782 542 2863 bus
584 2777 907 2860 omnibus
948 2782 1267 2858 alienato
1283 2828 1313 2870 ,
1372 2804 1462 2855 ne
1492 2776 1849 2872 serretur
1865 2825 1892 2867 ,
1950 2775 2203 2872 effecit
2222 2828 2247 2868 ,
2310 2793 2397 2853 ut
2457 2783 2694 2885 magis
2734 2785 3006 2859 mirum
3031 2785 3149 2883 fit
3208 2786 3496 2866 Cicero·

404 2926 571 2983 nem
608 2898 695 2977 id
729 2902 861 3005 agi
874 2897 1068 3001 pff
1085 2948 1114 2988 ,
1174 2911 1310 2973 aut
1347 2891 1664 2998 speraffe
1680 2940 1709 2982 ,
1765 2907 1903 2970 aut
1949 2891 2320 2990 credidff
2335 2943 2364 2985 ,
2419 2919 2635 3000 quam
2682 2913 2946 3002 agente
3017 2899 3363 2980 Cicerone
3396 2902 3491 2983 ab

406 3013 842 3124 ‘optattffima
855 3065 881 3105 ‚
943 3013 1039 3094 ἔθ’
1071 3012 1346 3092 tamdiu
1364 3012 1588 3110 fitita
1619 3010 1775 3114 lege
1822 3007 2172 3112 Populum
2214 3010 2618 3088 Romanum
2643 3013 2988 3113 receffi'ffe.
3116 3015 3295 3096 Cum
3320 3018 3495 3099 Ser?-
3599 3085 3610 3100 .

352 3137 357 3148 “
396 3142 614 3243 gium
656 3133 1057 3211 Catilinam
1090 3137 1328 3208 tantis
1359 3123 1804 3225 fautoribus
1817 3176 1844 3218 ‚
1902 3122 2689 3235 machinationibusque
2725 3129 3130 3227 fiaeffisltum
3190 3125 3491 3241 togatus

409 3279 507 3331 ex
556 3245 752 3328 Urbe
775 3264 1143 3327 armatum
1186 3243 1411 3350 ejecit
1426 3295 1453 3336 ,
1519 3242 1614 3323 ἓν*
1662 3243 1933 3349 lingua
1983 3240 2233 3348 opibus
2298 3269 2574 3323 omnem
2631 3250 2789 3325 vim
2827 3248 3344 3351 pestiferanm
3354 3254 3490 3349 faa

406 3372 604 3447 cium
646 3367 841 3444 iuius
916 3368 1286 3443 extinxit.
1385 3361 1562 3439 Cum
1616 3359 1703 3437 de
1758 3357 2090 3439 manibus
2139 3360 2445 3459 Caefitris
2462 3407 2489 3453 ‚
2537 3388 2787 3442 rerum
2824 3369 3142 3444 omnium
3190 3375 3482 3471 potiti,

404 3480 854 3585 Dejotarum
872 3531 900 3574 ,
959 3480 1480 3590 Ligariumque
1520 3472 1881 3573 subduxit
1895 3531 1922 3570 ,
1982 3494 2072 3554 ut
2104 3482 2228 3557 cui
2256 3479 2582 3556 Romana
2595 3484 2940 3582 potentia
2994 3501 3283 3561 armato
3312 3483 3489 3582 fiec-
3573 3509 3602 3534 ⁸

406 3598 668 3682 cubuit
685 3651 712 3692 ‚
774 3596 1001 3676 eidem
1071 3603 1271 3675 irato
1284 3648 1310 3691 ‚
1362 3592 1832 3702 perficasbque
1913 3594 2188 3674 candor
2255 3595 2525 3701 lingua
2617 3596 2962 3675 TuRia'na
3026 3602 3263 3693 iram,
3322 3607 3492 3679 ani·

406 3743 736 3822 mumque
752 3709 1243 3816 subtraxerit
1258 3765 1283 3807 2
1348 3713 1443 3793 ἓν*
1478 3729 1711 3817 prope
1770 3717 2135 3792 renitenti
2205 3738 2306 3790 ex
2354 3719 2502 3791 reis
2550 3708 2929 3810 ‘absolutos
2980 3716 3076 3795 ὅθ’
3126 3715 3492 3797 damnatis

405 3817 782 3934 rffttltos
802 3885 828 3925 ‚
889 3848 978 3912 ut
996 3831 1177 3931 ficos
1210 3833 1338 3930 ff
1382 3830 1601 3908 venet
1613 3882 1640 3922 ‚
1703 3826 2162 3909 vehementer
2198 3825 2479 3907 bomini
2530 3823 2942 3909 dominanti
2997 3835 3334 3913 inimicos
3366 3862 3492 3914 re·-

256 3961 265 3974 '
401 3954 863 4034 conciliavit.
994 3947 1206 4060 Qid
1225 3975 1368 4027 non
1395 3947 1643 4027 valuit
1688 3974 1843 4025 vox
1888 3962 2024 4024 tua
2073 3946 2333 4026 divina
2389 3945 2648 4025 Cicero
2665 3946 2705 4024 ἒ
2768 3945 2981 4056 Qid
3002 3974 3148 4026 non
3181 3949 3433 4046 effecit
3448 3947 3490 4032 ἒ

405 4065 893 4150 Dominatori
925 4064 1122 4147 orbis
1165 4064 1322 4170 ipsa
1378 4065 1749 4145 dominata
1805 4067 1901 4160 est
1916 4114 1944 4157 ,
2009 4063 2105 4145 ἔφ’
2143 4064 2404 4170 populi
2456 4069 2831 4141 terrarum
2878 4065 3187 4145 vilioris
3242 4065 3492 4166 effeHa

406 4187 505 4282 est
543 4185 692 4287 ipsa
737 4181 1260 4280 dbninatrix5
1319 4197 1408 4262 ut
1436 4177 1625 4286 jure
1683 4175 2174 4277 hemistichion
2233 4177 2424 4259 iuud
2466 4184 2551 4258 in
2624 4181 2948 4287 Augusti
3002 4180 3500 4272 adulationem

403 4301 861 4405 eonspofitum
876 4355 902 4395 ‚
964 4302 1049 4379 de
1088 4302 1380 4401 stimmo
1425 4316 1654 4407 poeta
1711 4299 2096 4409 toBeadum
2144 4297 2493 4377 videatur
2509 4346 2537 4389 2
2594 4321 2763 4375 nam
2816 4293 2902 4376 de
2949 4304 3218 4380 animis
3286 4319 3490 4384 certe

402 4413 771 4503 bominum
799 4415 893 4499 ab
945 4423 1171 4501 initio
1229 4445 1448 4530 usque
1466 4413 1847 4520 sublatum
1893 4420 2014 4517 est.
2129 4410 2497 4527 Otabuns
2555 4404 2829 4519 ciuffas
2877 4407 3174 4526 meli-us.
3298 4419 3492 4526 Qis

436 4583 443 4589 ·
2331 4619 2334 4622 .
3289 4555 3493 4622 alm
