4042 5100
676 279 833 417 ¹90·

666 451 1071 475 ffl-

798 563 1997 778 suETons
2138 517 3682 746 TRANQmLL'uS.

1954 266 2472 428 mot*

1992 848 2081 962 ῃ
2168 827 2533 940 xvm.

1182 1010 1202 1029 0

910 1124 1084 1214 uam
1114 1097 1505 1186 immerito
1545 1097 1975 1186 Bernardus
2008 1092 2621 1184 Montfanconus
2645 1122 2790 1208 pro
2829 1101 3182 1190 omnium
3212 1099 3559 1213 principe
3580 1125 3798 1207 tren-

966 1218 1162 1302 ditet
1199 1217 1555 1301 Suetonii
1598 1216 2046 1301 Editionefn
2077 1209 2513 1299 Mediolani
2546 1241 2664 1299 an.
2740 1240 2981 1321 1475.
3015 1240 3152 1329 pet
3189 1212 3638 1329 Philippum
3681 1217 3796 1304 de

679 1313 1062 1456 [angnia
1121 1329 1541 1448 persenam
1582 1388 1611 1432 ,
1671 1331 2085 1420 ostendunt
2147 1352 2486 1445 quatuor
2555 1355 2648 1417 ea
2705 1333 3199 1431 vetustiores,
3260 1357 3449 1448 quas
3519 1334 3795 1420 modo

3487 1444 3788 1558 allega-

1022 1863 1259 1934 „rem
1272 1890 1299 1930 ,
1373 1837 1993 1940 dejefflotemque
2044 1837 2185 1917 effe
2234 1835 2686 1914 affeverant..
2767 1842 2965 1916 Inter
3004 1862 3189 1941 quos
3237 1840 3639 1918 Vitruvius
3691 1843 3794 1920 dc

1024 1936 1615 2030 „Architeatura
1635 1989 1664 2030 ,
1742 1958 1964 2040 atque
2035 1936 2436 2016 Priscianus
2486 1935 3032 2022 Grammaticus
3097 1939 3433 2038 quoedam
3479 1943 3626 2016 Vir
3685 1944 3703 1958 ‘
3740 1943 3788 1962 '⁶

1028 2088 1088 2131 ,‚
1103 2041 1427 2115 carmina
1475 2057 1982 2117 commentans
2026 2039 2313 2113 inventi
2350 2033 2537 2113 fiant.
2638 2039 2813 2111 Erat
2848 2058 3207 2137 praeterea
3242 2037 3319 2111 in
3357 2036 3482 2114 illa
3517 2039 3649 2114 bib
3686 2042 3792 2116 ’o-

1028 2140 1321 2228 „theca
1365 2137 1555 2215 liber
1601 2139 1899 2257 quidam
1945 2162 2043 2214 ex
2078 2138 2477 2214 corticibus
2529 2136 2872 2213 arborum
2901 2164 2928 2212 a
2995 2139 3121 2237 qui
3158 2137 3472 2213 cortices
3511 2138 3791 2216 Latino

981 2279 987 2286 ·
1028 2236 1432 2330 „sermone
1480 2237 1645 2316 libri
1698 2257 2064 2314 vocantur
2089 2285 2117 2327 ,
2188 2235 2388 2314 unde
2412 2283 2441 2326 ‚
2517 2236 3139 2333 quemadmodum
3178 2237 3372 2334 apud
3409 2237 3796 2333 Hierony..

1028 2359 1308 2427 „mum
1346 2336 1485 2426 est,
1565 2336 1728 2411 libri
1770 2334 1976 2411 sunm
2014 2359 2284 2411 nomen
2323 2335 2572 2434 ,adepti
2614 2333 2799 2408 sunt.
2904 2338 2972 2409 1s
3012 2358 3426 2435 quanquam
3465 2361 3626 2411 non
3661 2337 3795 2410 ad-

1032 2436 1419 2524 „modum
1457 2438 1813 2509 bonarum
1855 2434 2367 2534 scripturarum
2406 2431 2716 2506 refertus
2773 2431 3176 2533 plenusque
3224 2432 3402 2510 esset
3424 2483 3453 2525 ,
3529 2453 3796 2515 tamen

1030 2580 1085 2623 ‚,
1102 2553 1403 2634 propter
1434 2532 1634 2607 illam
1660 2530 1969 2607 &notam
1999 2537 2639 2630 incorruptamque
2663 2531 3101 2609 vetustatem
3148 2530 3422 2609 summa
3446 2559 3627 2610 cum
3664 2535 3796 2613 de-

1033 2634 1412 2721 „votione
1459 2632 1886 2732 complexus
1928 2630 2107 2705 firm.
2210 2632 2496 2707 Horum
2548 2631 2844 2730 quidem
2884 2635 3216 2706 omnium
3263 2630 3625 2708 librorum
3664 2659 3797 2711 ex.

1030 2728 1347 2832 „empla
1384 2733 1735 2806 habemus
1775 2754 1800 2821 3
1836 2729 1972 2805 sed
2005 2731 2133 2804 ubi
2162 2729 2423 2804 turrim
2457 2727 2669 2805 sacrae
2697 2731 2868 2804 aedis
2896 2733 2967 2803 S.
2997 2729 3196 2808 Galli
3226 2734 3424 2806 conti
3657 2783 3686 2823 ‚
3719 2736 3797 2809 in

1038 2857 1253 2932 „qua
1300 2829 1833 2906 innumerabile
1896 2829 2101 2918 libri,
2152 2850 2415 2926 utpote
2451 2830 2783 2925 captivi,
2837 2830 3308 2919 detinentur,
3360 2831 3432 2905 di
3464 2834 3795 2932 igentius

1034 2979 1093 3021 „
1108 2931 1468 3021 vidimus,
1519 2928 2192 3028 Bibliothecamque
2238 2926 2434 3002 illam
2476 2925 2820 3025 pulvere,
2871 2931 3127 3017 tineis,
3177 2927 3516 3031 fuligine,
3549 2952 3798 3029 ¹caete-

1040 3032 1359 3125 „risque
1410 3031 1630 3103 rebus
1671 3030 1766 3103 ad
1815 3026 2441 3102 oblitterationem
2478 3026 2830 3101 librorum
2868 3029 3441 3129 pertinentibus»,
3506 3029 3798 3106 ubsola-2

1039 3176 1097 3217 ‚‚
1114 3149 1267 3203 tam
1316 3126 1859 3225 pollutamque,
1904 3128 2392 3203 ⁴vehementer
2440 3122 3147 3216 collacrimavimus‚
3200 3151 3329 3222 per
3375 3129 3578 3202 hunc
3631 3153 3798 3205 mo-

1039 3228 1290 3318 „dum
1326 3245 1673 3325 putantes
1727 3224 2051 3324 linguam
2090 3227 2430 3300 Latinam
2485 3226 2886 3299 maximum
2922 3248 3308 3313 ornatum,
3361 3228 3799 3302 maximam-

1032 3350 1250 3422 „que
1279 3326 1713 3428 dignitatem
1752 3322 2158 3426 perdidisse.
2258 3325 2550 3401 Erravit
2585 3324 2806 3423 igitur
2846 3323 3107 3398 Paulus
3145 3324 3494 3424 Jovlus
3516 3373 3546 3413 ‚
3603 3325 3797 3400 mul-

1042 3445 1161 3521 tos
1213 3450 1307 3499 ue
1355 3425 1685 3501 eruditos
1727 3426 1804 3500 in
1852 3425 2171 3500 eundern
2226 3447 2551 3500 errorem
2591 3423 2926 3512 induxit,
3005 3426 3080 3497 iu
3133 3422 3264 3497 Elo
3317 3424 3406 3498 iis
3452 3424 3795 3521 virorum

1042 3522 1177 3597 illu
1226 3526 1431 3599 rium
1456 3523 1995 3621 Qlintili'anum
2033 3549 2079 3599 a
2106 3522 2515 3599 POGGIO
2539 3522 2617 3595 in
2672 3521 3176 3597 salsamentarii
3204 3541 3279 3596 ta
3373 3548 3503 3596 rna
3541 3548 3798 3622 reper-

1046 3642 1207 3699 tum
1244 3625 1660 3700 venditans.
1764 3618 2083 3698 Craffius
2112 3623 2387 3696 erravit
2411 3623 2524 3720 Jo.
2556 3620 3117 3717 LOMEJERUS
3155 3621 3232 3698 in
3258 3621 3442 3697 libro
3482 3622 3582 3699 (in
3718 3649 3798 3697 a·

1042 3723 1107 3797 ri
1152 3722 1246 3796 de
1291 3721 1765 3797 Bibliothecis
1820 3723 2008 3818 Cap.
2052 3723 2186 3796 IX.
2240 3745 2313 3816 p.
2360 3727 2524 3809 169.
2559 3717 2877 3796 Cole
2931 3720 3253 3795 Schmin.
3304 3720 3600 3797 POGG
3637 3725 3797 3797 HM

1045 3822 1345 3896 Fabium
1385 3820 1926 3920 Qintilianum
1965 3818 2090 3894 ffib
2142 3840 2429 3917 tempus
2469 3817 2965 3895 Constantiaci
3018 3838 3431 3899 conventus
3480 3843 3573 3894 ex
3609 3820 3800 3897 Gal-

1045 3919 1144 3996 lia
1167 3924 1481 3998 Romam
1520 3917 1968 4018 deportaffe,
2018 3943 2336 4036 eumque
2363 3920 2738 4092 ἰῗηοωπι,
2791 3916 3229 4021 squalidum,
3283 3938 3626 4017 tetroque
3665 3943 3797 4016 pe-

1042 4020 1227 4094 dore
1265 4020 1576 4096 carceris
1628 4019 2087 4095 consumtum
2112 4068 2140 4108 ,
2214 4043 2290 4091 in
2329 4017 2396 4092 sa
2421 4016 2830 4092 sarnentarii
2872 4018 3173 4093 taberna
3207 4038 3579 4117 repertum
3607 4068 3640 4108 ,
3716 4020 3796 4094 in

872 4130 885 4137 “
1042 4141 1383 4216 apertum
1420 4118 1737 4195 retuliffie
1869 4119 2207 4205 rhibenS,
2262 4118 2591 4216 adeoque
2629 4118 2909 4191 Sueviae
2949 4118 3330 4192 civitatem
3373 4115 3798 4193 Constanti·

1051 4241 1171 4291 am
1211 4244 1380 4297 cum
1403 4222 1588 4295 urbe
1628 4219 1770 4295 Gal
1804 4221 1955 4308 ica,
2009 4219 2086 4291 in
2121 4217 2527 4293 Nor-mania
2570 4215 2733 4304 sim,
2786 4214 3342 4292 celeberrimum
3369 4214 3798 4292 Concilium

1042 4317 1598 4393 Constantiense
1639 4342 1809 4392 cum
1858 4337 2237 4392 conventu
2278 4316 2604 4417 quodam
2653 4314 3042 4390 Gallorum
3092 4314 3657 4404 Constantiano,
3709 4340 3802 4391 ac

1048 4415 1566 4494 monasterium
1593 4414 2047 4519 Sangallense
2071 4440 2243 4493 cum
2270 4414 2416 4516 ipsa
2440 4412 3022 4515 Gallia-turpiter
3063 4413 3551 4503 oonfimdenffi
3595 4418 3808 4512 quod
