4042 5100
592 383 732 440 ιη
966 408 974 418 -
1230 420 1239 425 -
1606 362 1678 437 S.
1744 356 2640 439 HIERONYMus.

2227 490 2426 506 ῃ

871 542 1287 623 Richardus
1318 543 1752 649 Simonius',
1812 544 1992 653 qui,
2053 564 2142 623 ut
2187 536 2521 651 superius
2565 539 2936 634 vidimus,
2999 542 3188 623 vitio
3229 540 3450 624 dedit
3482 537 3666 625 Ale-

587 653 817 742 rienfi
870 657 1303 741 Latinarum
1363 683 1644 741 vocum
1705 661 1786 740 in
1828 661 2294 770 Hieronymi
2337 657 2650 769 Scriptis
2689 660 3291 752 correctionem,
3352 683 3504 771 qua
3546 655 3667 742 fa-

589 779 792 858 &um
837 769 1107 869 fuerit,
1168 797 1252 855 ut
1280 771 1450 883 ipsis
1490 768 1863 857 violentas
1901 768 2355 887 plerumque
2389 774 2652 858 manus'
2682 768 3043 870 inferret,
3097 773 3433 858 eundem
3457 771 3664 858 ecim-

587 891 912 974 mendat
941 945 970 986 ,
1033 888 1254 1003 quod
1292 890 1709 974 Hebraicas
1746 916 1981 973 voces
2018 891 2304 973 Latinis
2348 886 2897 974 characteribus
2932 886 3422 999 exprefferitr
3485 917 3666 974 nam

583 1006 670 1092 id
727 1002 962 1117 ipsum
1018 1006 1116 1088 ab
1154 1010 1643 1120 Hieronymo
1701 1008 2105 1118 praestitum
2171 1001 2392 1089 fuiffe
2437 1001 2638 1089 clare
2689 1005 2898 1090 idem
2948 1009 3340 1090 Simonius
3380 1009 3669 1091 evincit

581 1125 667 1208 in
708 1122 935 1234 Epist.
951 1124 1260 1208 XXXV.
1292 1152 1463 1237 quae
1504 1121 1828 1235 superius
1863 1117 2263 1235 allegatam
2293 1116 2808 1236 subsequitur,
2867 1125 3090 1206 testes
3125 1116 3445 1207 afferens
3459 1123 3670 1209 Dru-

586 1236 825 1335 fium,
889 1240 1287 1335 Hiberam,
1351 1245 1429 1324 &
1465 1245 1941 1329 Frontonem
1984 1240 2355 1323 Ducaeum
2382 1292 2409 1335 ,
2488 1236 2782 1350 hosque
2814 1240 2916 1323 de
2950 1264 3419 1352 nuperorum
3452 1238 3676 1323 Cor-

585 1358 976 1439 reetorum
1008 1355 1319 1440 audacia
1358 1380 1951 1471 conquerentes,
1969 1353 2190 1471 quod
2223 1356 2582 1437 nimirum
2609 1349 3004 1467 suppress'a,
3025 1358 3266 1441 veteri
3287 1356 3663 1440 Lectione

583 1470 876 1558 Latinis
900 1467 1141 1554 literis
1177 1469 1537 1583 expreffa,
1571 1500 1902 1569 novam,
1959 1477 2041 1576 ⁴&
2079 1475 2568 1584 Hieronymo
2599 1473 3086 1583 incognitam·
3107 1466 3541 1583 posuerint,
3576 1476 3664 1555 δε

581 1585 817 1700 'quod
851 1586 1400 1703 charaflgeribus
1417 1588 1817 1673 Hebraicis
1852 1613 2020 1672 earn
2058 1580 2485 1672 extulerint.
2551 1588 2801 1693 Quod
2837 1613 3023 1679 vero
3048 1582 3325 1699 spectat
3344 1588 3444 1673 ad
3458 1589 3663 1670 Grae-
3712 1690 3722 1697 ,

588 1731 721 1788 cas
742 1728 1002 1800 voceS,
1023 1700 1425 1815 dupliciter
1462 1701 1796 1817 peccaffe
1836 1703 2086 1789 scribit
2118 1699 2614 1800 Aleriensern,
2634 1696 2776 1803 seu,
2793 1708 3053 1815 potius
3093 1700 3441 1809 ejusdem,
3464 1705 3664 1786 auri-

587 1844 796 1930 gam,
819 1824 897 1902 &
927 1823 1230 1922 genium
1273 1821 1778 1931 Theodorum
1801 1824 2118 1916 Gazam,
2201 1823 2431 1931 uippe
2466 1825 2602 1935 qui
2639 1827 2715 1903 &
2751 1817 3198 1935 frequenter
3235 1846 3504 1903 vacuas
3531 1815 3659 1904 iis-

583 1935 777 2031 dem
818 1930 1033 2018 sedes
1088 1931 1510 2048 reliquerit,
1549 1942 1629 2023 δι
1677 1941 1986 2052 quoties
2019 1962 2152 2046 rep
2186 1939 2383 2031 evit,
2438 1963 2602 2019 non
2650 1935 2925 2022 breves
2982 1952 3108 2021 ear
3153 1960 3428 2030 voces,
3467 1960 3664 2050 quas

583 2050 1125 2162 Hieronymus
1145 2046 1622 2165 allegaverat,
1646 2048 1969 2165 posuiss‘e
1999 2074 2408 2137 contentus
2451 2056 2724 2147 iuerit,
2784 2048 2918 2137 sed
2950 2059 3290 2165 integros
3333 2052 3656 2161 Septua-

581 2169 798 2268 ginta
834 2167 1339 2280 Interpretum
1367 2169 1615 2255 verius
1649 2172 2105 2265 recitaverit,
2136 2194 2374 2282 quum
2418 2171 2509 2254 iis
2545 2167 3062 2254 additionibus
3106 2196 3411 2280 aequum
3450 2162 3659 2251 foret

577 2274 849 2385 locum
893 2283 1122 2369 tribui
1163 2283 1262 2369 ad
1295 2280 1471 2369 libri
1506 2312 1704 2381 oraS,
1736 2312 1899 2369 non
1930 2310 2122 2374 vero
2155 2288 2238 2367 in
2269 2281 2433 2396 ipso
2476 2306 2711 2373 textu.
2791 2286 2890 2375 Et
2928 2285 3009 2367 i¹d
3043 2288 3067 2367 i
3123 2281 3282 2369 sum
3324 2277 3662 2396 peccaffe

577 2402 1089 2510 'conqueritur
1124 2404 1557 2495 Simonius,
1606 2396 2011 2496 Erasmum,
2061 2405 2140 2483 δε
2185 2403 2663 2495 νίἂοτίιιπι,
2723 2426 3022 2485 veteres
3053 2404 3076 2485 i
3109 2396 3216 2482 las
3251 2398 3660 2484 Editiones

580 2508 1045 2627 plerumque
1077 2512 1602 2600 exscribentes.
1715 2517 1847 2599 De
1880 2518 1995 2598 his
2042 2517 2406 2600 omnibus
2436 2511 2687 2601 multo
2732 2522 3150 2603 accuratius
3184 2520 3278 2602 V.
3321 2511 3450 2603 Cl.
3479 2515 3659 2600 Do·

583 2632 907 2716 minicus
944 2626 1347 2717 Vallarfius
1381 2636 1459 2715 in
1495 2628 1787 2717 Praefat.
1824 2636 2112 2717 Gener.
2149 2633 2249 2716 ad
2289 2659 2661 2745 nuperam
2707 2632 3050 2719 Edition.
3087 2638 3481 2721 veronen.

865 2841 1291 2936 Afferenda
1328 2873 1536 2934 nunc
1565 2843 1975 2940 Alerienfis
2008 2842 2346 2961 Epistola
2388 2846 2484 2935 ad
2519 2842 2933 2933 secundum
2972 2848 3128 2936 hoc
3160 2844 3581 2936 volumem

745 3160 1070 3266 Joannis
1102 3067 1423 3244 Anrilreae
1456 3161 1791 3268 Epistopi
1822 3162 2225 3263 Alerienfis
2249 3158 2354 3239 ad
2382 3153 2827 3243 PAULUM
2860 3159 2951 3242 Π.
2970 3160 3198 3242 VEN
3208 3162 3512 3266 ETUM

882 3277 1301 3358 PONTIF.
1338 3272 1867 3359 MAXIMUM
1904 3285 1986 3359 in
2018 3282 2587 3383 recognitionem
2603 3279 2911 3377 ficundi
2957 3280 3372 3360 Voluminis

993 3391 1478 3500 Epestolarum
1492 3447 1520 3490 ,
1587 3397 1682 3478 89⁴
1728 3398 2198 3500 Traiiatuuin
2233 3393 2432 3473 Divi
2451 3396 2902 3501 .Hieronymi
2937 3394 3240 3502 Presby-

630 3597 639 3604 ‚
962 3563 974 3572 ›
1742 3587 1751 3602 ,
1824 3519 2024 3616 tfri,
2086 3499 2428 3617 Epistolass
2593 3607 2645 3684 .

572 3781 737 3945 ,Α
752 3781 908 3860 Nte
947 3782 1192 3859 omnia
1233 3805 1608 3862 munerum
1654 3789 1973 3862 omniunt
2002 3784 2367 3891 largitori
2398 3783 2559 3862 Deo
2579 3836 2602 3877 ,
2623 3748 2749 3864 'ac
2791 3784 3069 3865 SanHis
3106 3781 3261 3889 qius
3276 3837 3320 3894 ,ῃ
3352 3784 3651 3881 licando
3685 3839 3694 3846 -
3773 3883 3780 3890 .

640 3961 647 3968 .
804 3899 971 3984 loco,
1063 3894 1291 3992 Tibi,
1423 3897 1775 3980 PATER
1855 3894 2467 3982 BEATISSIME
2508 3954 2534 3994 ,
2625 3898 2976 3983 PAULE
3054 3900 3153 3981 Π.
3238 3899 3664 3982 PONTIF.

577 4006 982 4094 MAXIM.
1010 4013 1261 4110 studia
1303 4042 1459 4094 mea
1474 4013 1910 4124 jamdudum
1943 4016 2280 4124 dedicapi
2293 4069 2318 4110 ,
2348 4018 2936 4127 fitcrqfitm‘i‘oque
2971 4020 3328 4097 Fratrum
3361 4035 3657 4096 tuorum
3775 4035 3780 4040 ·

583 4128 904 4236 CoHegio
960 4130 1373 4237 ampliffi'mo
1405 4183 1432 4224 ,
1493 4139 1573 4211 in
1624 4129 1877 4241 quibus
1900 4134 2008 4234 nR.
2051 4135 2252 4225 ficet,
2304 4135 2630 4242 dignitas
2646 4186 2674 4227 ,
2733 4136 2830 4215 ἓν·
2861 4136 3058 4233 salus
3094 4136 3441 4216 coBocata
3454 4189 3478 4228 ,
3543 4156 3657 4212 to-

577 4262 661 4324 to
706 4244 893 4326 Orbe
926 4249 1292 4345 floresbit.
1410 4249 1630 4329 Prius
1681 4254 1927 4357 igitur
1959 4248 2068 4329 D.
2122 4252 2564 4359 Hieronymi
2632 4247 3106 4357 Epistolaricm
3146 4268 3442 4357 partem
3474 4252 3656 4353 fin

572 4360 983 4452 dimidiam-
1015 4390 1182 4448 cum
1231 4367 1427 4447 illius
1481 4365 1849 4474 opusculis
1860 4421 1886 4461 ,
1972 4365 2326 4449 mediocri
2375 4393 2534 4449 urea
2576 4367 2968 4477 diligentia
3005 4368 3452 4450 emendatam
3465 4417 3493 4458 ,
3572 4371 3657 4443 in
3713 4394 3723 4404 ·

2345 4523 2352 4526 '
3402 4504 3657 4566 'lmus
