<?xml version="1.0" encoding="UTF-8"?>
<!DOCTYPE html PUBLIC "-//W3C//DTD XHTML 1.0 Transitional//EN"
    "http://www.w3.org/TR/xhtml1/DTD/xhtml1-transitional.dtd">
<html xmlns="http://www.w3.org/1999/xhtml" xml:lang="en" lang="en">
 <head>
  <title>
</title>
<meta http-equiv="Content-Type" content="text/html;charset=utf-8" />
  <meta name='ocr-system' content='tesseract 3.04.00' />
  <meta name='ocr-capabilities' content='ocr_page ocr_carea ocr_par ocr_line ocrx_word'/>
</head>
<body>
  <div class='ocr_page' id='page_1' title='image "angelimaricardq00schegoog_0169.png"; bbox 0 0 4042 5100; ppageno 0'>
   <div class='ocr_carea' id='block_1_1' title="bbox 1422 368 3463 477">
    <p class='ocr_par' dir='ltr' id='par_1_1' title="bbox 1422 368 3463 477">
     <span class='ocr_line' id='line_1_1' title="bbox 1422 368 3463 477; baseline -0.003 -24"><span class='ocrx_word' id='word_1_1' title='bbox 1422 374 1866 477; x_wconf 82' lang='lat' dir='ltr'>JULIUS</span> <span class='ocrx_word' id='word_1_2' title='bbox 1942 368 2406 450; x_wconf 86' lang='lat' dir='ltr'><strong>CAESAR.·</strong></span> <span class='ocrx_word' id='word_1_3' title='bbox 3181 442 3188 449; x_wconf 86' lang='lat'>.</span> <span class='ocrx_word' id='word_1_4' title='bbox 3319 391 3463 467; x_wconf 84' lang='lat'><em>147</em></span> 
     </span>
    </p>
   </div>
   <div class='ocr_carea' id='block_1_2' title="bbox 1833 503 2240 517">
    <p class='ocr_par' dir='ltr' id='par_1_2' title="bbox 1833 503 2240 517">
     <span class='ocr_line' id='line_1_2' title="bbox 1833 503 2240 517; baseline 0 0"><span class='ocrx_word' id='word_1_5' title='bbox 1833 503 2240 517; x_wconf 95' lang='lat' dir='ltr'><em> </em></span> 
     </span>
    </p>
   </div>
   <div class='ocr_carea' id='block_1_3' title="bbox 1628 505 1832 523">
    <p class='ocr_par' dir='ltr' id='par_1_3' title="bbox 1628 505 1832 523">
     <span class='ocr_line' id='line_1_3' title="bbox 1628 505 1832 523; baseline 0 4577"><span class='ocrx_word' id='word_1_6' title='bbox 1628 505 1832 523; x_wconf 95' lang='lat' dir='ltr'><em> </em></span> 
     </span>
    </p>
   </div>
   <div class='ocr_carea' id='block_1_4' title="bbox 376 492 3574 3811">
    <p class='ocr_par' dir='ltr' id='par_1_4' title="bbox 376 492 3574 3811">
     <span class='ocr_line' id='line_1_4' title="bbox 386 492 1009 549; baseline -0.002 0"><span class='ocrx_word' id='word_1_7' title='bbox 386 492 1009 549; x_wconf 72' lang='lat' dir='ltr'><strong>e···············&#39;··&#39;········‘</strong></span> 
     </span>
     <span class='ocr_line' id='line_1_5' title="bbox 378 555 3466 668; baseline -0.008 -13"><span class='ocrx_word' id='word_1_8' title='bbox 378 596 502 655; x_wconf 81' lang='lat' dir='ltr'><em>eos</em></span> <span class='ocrx_word' id='word_1_9' title='bbox 540 594 811 649; x_wconf 79' lang='lat' dir='ltr'><em>morem</em></span> <span class='ocrx_word' id='word_1_10' title='bbox 881 567 978 642; x_wconf 86' lang='lat' dir='ltr'><em>iis</em></span> <span class='ocrx_word' id='word_1_11' title='bbox 1009 564 1377 668; x_wconf 85' lang='lat' dir='ltr'><em>gesturus,</em></span> <span class='ocrx_word' id='word_1_12' title='bbox 1436 569 1858 666; x_wconf 82' lang='lat' dir='ltr'><em>quicumque</em></span> <span class='ocrx_word' id='word_1_13' title='bbox 1915 559 2295 636; x_wconf 81' lang='lat' dir='ltr'><em>latinitati</em></span> <span class='ocrx_word' id='word_1_14' title='bbox 2341 555 2807 649; x_wconf 84' lang='lat' dir='ltr'><em>afficiuntur,</em></span> <span class='ocrx_word' id='word_1_15' title='bbox 2868 558 3007 654; x_wconf 80' lang='lat' dir='ltr'><em>etsi</em></span> <span class='ocrx_word' id='word_1_16' title='bbox 3039 555 3466 660; x_wconf 68' lang='lat' dir='ltr'><em>perfunc‘i&#39;o-</em></span> 
     </span>
     <span class='ocr_line' id='line_1_6' title="bbox 394 669 3473 783; baseline -0.004 -16"><span class='ocrx_word' id='word_1_17' title='bbox 394 695 508 767; x_wconf 90' lang='lat' dir='ltr'><em>rie</em></span> <span class='ocrx_word' id='word_1_18' title='bbox 547 685 768 764; x_wconf 88' lang='lat' dir='ltr'><em>denuo</em></span> <span class='ocrx_word' id='word_1_19' title='bbox 814 674 999 758; x_wconf 67' lang='lat' dir='ltr'><em>iBos‘</em></span> <span class='ocrx_word' id='word_1_20' title='bbox 1026 683 1460 783; x_wconf 84' lang='lat' dir='ltr'><em>recognovi,</em></span> <span class='ocrx_word' id='word_1_21' title='bbox 1520 678 1603 755; x_wconf 88' lang='lat' dir='ltr'><em>de</em></span> <span class='ocrx_word' id='word_1_22' title='bbox 1654 673 1910 782; x_wconf 84' lang='lat' dir='ltr'><em>quibus</em></span> <span class='ocrx_word' id='word_1_23' title='bbox 1964 674 2100 752; x_wconf 82' lang='lat' dir='ltr'><em>duo</em></span> <span class='ocrx_word' id='word_1_24' title='bbox 2151 669 2335 751; x_wconf 82' lang='lat' dir='ltr'><em>mihi</em></span> <span class='ocrx_word' id='word_1_25' title='bbox 2396 672 2790 752; x_wconf 80' lang='lat' dir='ltr'><em>dumtaxat</em></span> <span class='ocrx_word' id='word_1_26' title='bbox 2832 670 3228 773; x_wconf 76' lang='lat' dir='ltr'><em>brevtff&#39;me</em></span> <span class='ocrx_word' id='word_1_27' title='bbox 3285 673 3473 769; x_wconf 75' lang='lat' dir='ltr'><em>fiant.</em></span> 
     </span>
     <span class='ocr_line' id='line_1_7' title="bbox 389 785 3466 894; baseline -0.006 -11"><span class='ocrx_word' id='word_1_28' title='bbox 389 800 715 883; x_wconf 86' lang='lat' dir='ltr'><em>dicenda.</em></span> <span class='ocrx_word' id='word_1_29' title='bbox 826 798 1178 874; x_wconf 89' lang='lat' dir='ltr'><em>Alterum</em></span> <span class='ocrx_word' id='word_1_30' title='bbox 1214 811 1457 870; x_wconf 80' lang='lat' dir='ltr'><em>tenere</em></span> <span class='ocrx_word' id='word_1_31' title='bbox 1491 797 1838 870; x_wconf 86' lang='lat' dir='ltr'><em>memoria</em></span> <span class='ocrx_word' id='word_1_32' title='bbox 1888 810 2125 870; x_wconf 74' lang='lat' dir='ltr'><em>omnes</em></span> <span class='ocrx_word' id='word_1_33' title='bbox 2163 808 2493 893; x_wconf 84' lang='lat' dir='ltr'><em>oportere</em></span> <span class='ocrx_word' id='word_1_34' title='bbox 2510 841 2536 881; x_wconf 87' lang='lat'>‚</span> <span class='ocrx_word' id='word_1_35' title='bbox 2592 795 2724 894; x_wconf 84' lang='lat' dir='ltr'><em>qui</em></span> <span class='ocrx_word' id='word_1_36' title='bbox 2776 787 2876 867; x_wconf 89' lang='lat' dir='ltr'><em>ad</em></span> <span class='ocrx_word' id='word_1_37' title='bbox 2933 785 3189 867; x_wconf 82' lang='lat' dir='ltr'><em>horum</em></span> <span class='ocrx_word' id='word_1_38' title='bbox 3248 815 3466 867; x_wconf 67' lang='lat' dir='ltr'><em>vene-2</em></span> 
     </span>
     <span class='ocr_line' id='line_1_8' title="bbox 396 904 3462 1016; baseline -0.005 -18"><span class='ocrx_word' id='word_1_39' title='bbox 396 925 560 999; x_wconf 86' lang='lat' dir='ltr'><em>rint</em></span> <span class='ocrx_word' id='word_1_40' title='bbox 599 906 965 995; x_wconf 63' lang='lat' dir='ltr'><em>temonem</em></span> <span class='ocrx_word' id='word_1_41' title='bbox 989 963 1017 1003; x_wconf 86' lang='lat'>‚</span> <span class='ocrx_word' id='word_1_42' title='bbox 1074 938 1227 1016; x_wconf 76' lang='lat' dir='ltr'><em>qua</em></span> <span class='ocrx_word' id='word_1_43' title='bbox 1256 910 1643 987; x_wconf 81' lang='lat' dir='ltr'><em>Suetonius</em></span> <span class='ocrx_word' id='word_1_44' title='bbox 1694 910 2153 1013; x_wconf 77' lang='lat' dir='ltr'><em>TranquiHus</em></span> <span class='ocrx_word' id='word_1_45' title='bbox 2186 912 2267 995; x_wconf 81' lang='lat' dir='ltr'><em>in</em></span> <span class='ocrx_word' id='word_1_46' title='bbox 2301 906 2602 1005; x_wconf 68' lang='lat' dir='ltr'><em>Cafitris</em></span> <span class='ocrx_word' id='word_1_47' title='bbox 2645 906 2828 984; x_wconf 90' lang='lat' dir='ltr'><em>Vita</em></span> <span class='ocrx_word' id='word_1_48' title='bbox 2867 904 2952 983; x_wconf 92' lang='lat' dir='ltr'><em>de</em></span> <span class='ocrx_word' id='word_1_49' title='bbox 2999 910 3097 983; x_wconf 91' lang='lat' dir='ltr'><em>iis</em></span> <span class='ocrx_word' id='word_1_50' title='bbox 3129 905 3462 1008; x_wconf 67' lang='lat' dir='ltr'><em>seripsit‚</em></span> 
     </span>
     <span class='ocr_line' id='line_1_9' title="bbox 393 1013 3469 1137; baseline -0.005 -22"><span class='ocrx_word' id='word_1_51' title='bbox 393 1033 525 1117; x_wconf 84' lang='lat' dir='ltr'><em>hoc</em></span> <span class='ocrx_word' id='word_1_52' title='bbox 556 1031 804 1111; x_wconf 84' lang='lat' dir='ltr'><em>modo.-</em></span> <span class='ocrx_word' id='word_1_53' title='bbox 870 1020 1205 1137; x_wconf 85' lang='lat' dir='ltr'><em>Reliquit</em></span> <span class='ocrx_word' id='word_1_54' title='bbox 1253 1028 1334 1107; x_wconf 90' lang='lat'>&amp;</span> <span class='ocrx_word' id='word_1_55' title='bbox 1384 1048 1632 1107; x_wconf 81' lang='lat' dir='ltr'><em>rerum</em></span> <span class='ocrx_word' id='word_1_56' title='bbox 1691 1017 1979 1105; x_wconf 86' lang='lat' dir='ltr'><em>suarum</em></span> <span class='ocrx_word' id='word_1_57' title='bbox 2036 1021 2711 1115; x_wconf 78' lang='lat' dir='ltr'><em>Commentarios,</em></span> <span class='ocrx_word' id='word_1_58' title='bbox 2772 1013 3093 1115; x_wconf 68' lang='lat' dir='ltr'><em>Gallici,</em></span> <span class='ocrx_word' id='word_1_59' title='bbox 3155 1013 3469 1102; x_wconf 82' lang='lat' dir='ltr'><em>Civilis-</em></span> 
     </span>
     <span class='ocr_line' id='line_1_10' title="bbox 396 1128 3464 1260; baseline -0.004 -29"><span class='ocrx_word' id='word_1_60' title='bbox 396 1174 551 1260; x_wconf 86' lang='lat' dir='ltr'><em>que</em></span> <span class='ocrx_word' id='word_1_61' title='bbox 598 1140 788 1227; x_wconf 85' lang='lat' dir='ltr'><em>Belli</em></span> <span class='ocrx_word' id='word_1_62' title='bbox 830 1142 1338 1253; x_wconf 76' lang='lat' dir='ltr'><em>Pompeiani3</em></span> <span class='ocrx_word' id='word_1_63' title='bbox 1418 1164 1594 1221; x_wconf 83' lang='lat' dir='ltr'><em>narn</em></span> <span class='ocrx_word' id='word_1_64' title='bbox 1652 1133 2203 1232; x_wconf 84' lang='lat' dir='ltr'>Alexandrini,</span> <span class='ocrx_word' id='word_1_65' title='bbox 2267 1128 2719 1248; x_wconf 85' lang='lat' dir='ltr'>Africique,</span> <span class='ocrx_word' id='word_1_66' title='bbox 2783 1140 2862 1219; x_wconf 78' lang='grc' dir='ltr'><em>δι</em></span> <span class='ocrx_word' id='word_1_67' title='bbox 2918 1131 3464 1245; x_wconf 64' lang='lat' dir='ltr'>Hispaniensis,</span> 
     </span>
     <span class='ocr_line' id='line_1_11' title="bbox 393 1246 3470 1365; baseline -0.004 -19"><span class='ocrx_word' id='word_1_68' title='bbox 393 1266 725 1347; x_wconf 83' lang='lat' dir='ltr'><em>incertus</em></span> <span class='ocrx_word' id='word_1_69' title='bbox 754 1258 1032 1344; x_wconf 84' lang='lat' dir='ltr'><em>author</em></span> <span class='ocrx_word' id='word_1_70' title='bbox 1059 1253 1188 1339; x_wconf 87' lang='lat' dir='ltr'><em>est.</em></span> <span class='ocrx_word' id='word_1_71' title='bbox 1310 1250 1473 1339; x_wconf 79' lang='lat' dir='ltr'><em>Alii</em></span> <span class='ocrx_word' id='word_1_72' title='bbox 1515 1260 1720 1339; x_wconf 85' lang='lat' dir='ltr'><em>enim</em></span> <span class='ocrx_word' id='word_1_73' title='bbox 1757 1254 2056 1365; x_wconf 82' lang='lat' dir='ltr'><em>Opium</em></span> <span class='ocrx_word' id='word_1_74' title='bbox 2091 1275 2400 1365; x_wconf 79' lang='lat' dir='ltr'><em>putant,</em></span> <span class='ocrx_word' id='word_1_75' title='bbox 2462 1246 2588 1335; x_wconf 82' lang='lat' dir='ltr'><em>alii</em></span> <span class='ocrx_word' id='word_1_76' title='bbox 2636 1255 3011 1348; x_wconf 84' lang='lat' dir='ltr'>Hirtium,</span> <span class='ocrx_word' id='word_1_77' title='bbox 3072 1254 3208 1365; x_wconf 88' lang='lat' dir='ltr'><em>qui</em></span> <span class='ocrx_word' id='word_1_78' title='bbox 3239 1255 3470 1335; x_wconf 80' lang='lat' dir='ltr'><em>etiam</em></span> 
     </span>
     <span class='ocr_line' id='line_1_12' title="bbox 397 1363 3472 1481; baseline -0.004 -19"><span class='ocrx_word' id='word_1_79' title='bbox 397 1372 680 1463; x_wconf 81' lang='lat' dir='ltr'>Gallici</span> <span class='ocrx_word' id='word_1_80' title='bbox 725 1368 908 1457; x_wconf 88' lang='lat' dir='ltr'><em>belli</em></span> <span class='ocrx_word' id='word_1_81' title='bbox 971 1368 1445 1457; x_wconf 83' lang='lat' dir='ltr'><em>noviffimum</em></span> <span class='ocrx_word' id='word_1_82' title='bbox 1477 1424 1506 1467; x_wconf 83' lang='lat'>‚</span> <span class='ocrx_word' id='word_1_83' title='bbox 1570 1366 2318 1481; x_wconf 52' lang='lat' dir='ltr'><em>,imperfectumque</em></span> <span class='ocrx_word' id='word_1_84' title='bbox 2354 1364 2631 1457; x_wconf 87' lang='lat' dir='ltr'><em>librum</em></span> <span class='ocrx_word' id='word_1_85' title='bbox 2685 1363 3187 1479; x_wconf 81' lang='lat' dir='ltr'><em>suppleverit;</em></span> <span class='ocrx_word' id='word_1_86' title='bbox 3245 1398 3335 1450; x_wconf 86' lang='lat' dir='ltr'><em>ne</em></span> <span class='ocrx_word' id='word_1_87' title='bbox 3390 1376 3472 1450; x_wconf 84' lang='lat' dir='ltr'><em>in</em></span> 
     </span>
     <span class='ocr_line' id='line_1_13' title="bbox 376 1486 3475 1599; baseline -0.003 -24"><span class='ocrx_word' id='word_1_88' title='bbox 376 1492 774 1599; x_wconf 81' lang='lat' dir='ltr'><em>frontibus</em></span> <span class='ocrx_word' id='word_1_89' title='bbox 786 1493 1084 1591; x_wconf 69' lang='lat' dir='ltr'><em>scilicet</em></span> <span class='ocrx_word' id='word_1_90' title='bbox 1126 1489 1484 1570; x_wconf 84' lang='lat' dir='ltr'><em>librorum</em></span> <span class='ocrx_word' id='word_1_91' title='bbox 1516 1490 1789 1570; x_wconf 87' lang='lat' dir='ltr'><em>indices</em></span> <span class='ocrx_word' id='word_1_92' title='bbox 1840 1487 2308 1585; x_wconf 68' lang='lat' dir='ltr'><em>ali-ribantur</em></span> <span class='ocrx_word' id='word_1_93' title='bbox 2359 1486 2799 1568; x_wconf 85' lang='lat' dir='ltr'><em>emendandi.</em></span> <span class='ocrx_word' id='word_1_94' title='bbox 2917 1488 3266 1595; x_wconf 79' lang='lat' dir='ltr'><em>Equidem</em></span> <span class='ocrx_word' id='word_1_95' title='bbox 3321 1488 3475 1567; x_wconf 85' lang='lat' dir='ltr'><em>alia</em></span> 
     </span>
     <span class='ocr_line' id='line_1_14' title="bbox 394 1595 3479 1722; baseline -0.003 -33"><span class='ocrx_word' id='word_1_96' title='bbox 394 1612 717 1722; x_wconf 80' lang='lat' dir='ltr'><em>quadam</em></span> <span class='ocrx_word' id='word_1_97' title='bbox 744 1636 791 1685; x_wconf 85' lang='lat' dir='ltr'><em>a</em></span> <span class='ocrx_word' id='word_1_98' title='bbox 827 1595 1191 1687; x_wconf 74' lang='lat' dir='ltr'><em>nonnullis</em></span> <span class='ocrx_word' id='word_1_99' title='bbox 1206 1605 1454 1705; x_wconf 78' lang='lat' dir='ltr'><em>scribi</em></span> <span class='ocrx_word' id='word_1_100' title='bbox 1468 1607 1635 1704; x_wconf 77' lang='lat' dir='ltr'><em>fiio</em></span> <span class='ocrx_word' id='word_1_101' title='bbox 1654 1635 1686 1700; x_wconf 88' lang='lat'><em>,·</em></span> <span class='ocrx_word' id='word_1_102' title='bbox 1753 1607 1847 1685; x_wconf 69' lang='lat'><em>89⁴</em></span> <span class='ocrx_word' id='word_1_103' title='bbox 1894 1624 2136 1683; x_wconf 85' lang='lat' dir='ltr'><em>tamen</em></span> <span class='ocrx_word' id='word_1_104' title='bbox 2187 1605 2329 1707; x_wconf 76' lang='lat' dir='ltr'><em>ipse</em></span> <span class='ocrx_word' id='word_1_105' title='bbox 2389 1604 2728 1682; x_wconf 84' lang='lat' dir='ltr'><em>Suetonio</em></span> <span class='ocrx_word' id='word_1_106' title='bbox 2790 1606 3153 1704; x_wconf 78' lang='lat' dir='ltr'><em>affintior.</em></span> <span class='ocrx_word' id='word_1_107' title='bbox 3271 1603 3479 1681; x_wconf 87' lang='lat' dir='ltr'><em>Ideo·</em></span> 
     </span>
     <span class='ocr_line' id='line_1_15' title="bbox 399 1714 3478 1838; baseline -0.004 -30"><span class='ocrx_word' id='word_1_108' title='bbox 399 1757 535 1838; x_wconf 84' lang='lat' dir='ltr'><em>que</em></span> <span class='ocrx_word' id='word_1_109' title='bbox 574 1745 662 1806; x_wconf 88' lang='lat' dir='ltr'><em>ut</em></span> <span class='ocrx_word' id='word_1_110' title='bbox 715 1750 868 1816; x_wconf 84' lang='lat' dir='ltr'><em>eos,</em></span> <span class='ocrx_word' id='word_1_111' title='bbox 928 1748 1100 1829; x_wconf 86' lang='lat' dir='ltr'><em>quos</em></span> <span class='ocrx_word' id='word_1_112' title='bbox 1149 1722 1383 1821; x_wconf 72' lang='lat' dir='ltr'><em>Casar</em></span> <span class='ocrx_word' id='word_1_113' title='bbox 1431 1722 1769 1826; x_wconf 71' lang='lat' dir='ltr'><em>scripsit,</em></span> <span class='ocrx_word' id='word_1_114' title='bbox 1800 1721 1991 1799; x_wconf 80' lang='lat' dir='ltr'><em>&#39;tum</em></span> <span class='ocrx_word' id='word_1_115' title='bbox 2055 1714 2468 1811; x_wconf 80' lang='lat' dir='ltr'><em>Ciceronis,</em></span> <span class='ocrx_word' id='word_1_116' title='bbox 2527 1736 2688 1797; x_wconf 82' lang='lat' dir='ltr'><em>tum</em></span> <span class='ocrx_word' id='word_1_117' title='bbox 2726 1722 3221 1824; x_wconf 86' lang='lat' dir='ltr'><em>plurimorum</em></span> <span class='ocrx_word' id='word_1_118' title='bbox 3289 1724 3478 1816; x_wconf 74' lang='lat' dir='ltr'><em>telli-</em></span> 
     </span>
     <span class='ocr_line' id='line_1_16' title="bbox 400 1836 3476 1944; baseline -0.004 -19"><span class='ocrx_word' id='word_1_119' title='bbox 400 1849 684 1935; x_wconf 85' lang='lat' dir='ltr'><em>monio,</em></span> <span class='ocrx_word' id='word_1_120' title='bbox 746 1842 871 1940; x_wconf 82' lang='lat' dir='ltr'><em>effe</em></span> <span class='ocrx_word' id='word_1_121' title='bbox 886 1840 1157 1936; x_wconf 80' lang='lat' dir='ltr'><em>fateor</em></span> <span class='ocrx_word' id='word_1_122' title='bbox 1184 1838 1728 1944; x_wconf 77' lang='lat' dir='ltr'><em>elegantiffi&#39;mos</em></span> <span class='ocrx_word' id='word_1_123' title='bbox 1744 1890 1769 1930; x_wconf 88' lang='lat'>‚</span> <span class='ocrx_word' id='word_1_124' title='bbox 1836 1843 1950 1916; x_wconf 90' lang='lat' dir='ltr'><em>ita</em></span> <span class='ocrx_word' id='word_1_125' title='bbox 1983 1836 2345 1916; x_wconf 79' lang='lat' dir='ltr'><em>BeBoruni</em></span> <span class='ocrx_word' id='word_1_126' title='bbox 2396 1836 2752 1914; x_wconf 73' lang='lat' dir='ltr'><em>Ciuilium</em></span> <span class='ocrx_word' id='word_1_127' title='bbox 2790 1837 3238 1939; x_wconf 79' lang='lat' dir='ltr'><em>novtffi&#39;mum</em></span> <span class='ocrx_word' id='word_1_128' title='bbox 3256 1842 3476 1942; x_wconf 84' lang='lat' dir='ltr'><em>prio·</em></span> 
     </span>
     <span class='ocr_line' id='line_1_17' title="bbox 401 1950 3477 2060; baseline -0.003 -20"><span class='ocrx_word' id='word_1_129' title='bbox 401 1959 607 2045; x_wconf 86' lang='lat' dir='ltr'><em>ribus</em></span> <span class='ocrx_word' id='word_1_130' title='bbox 662 1960 963 2037; x_wconf 81' lang='lat' dir='ltr'><em>omnino</em></span> <span class='ocrx_word' id='word_1_131' title='bbox 985 1960 1331 2060; x_wconf 83' lang='lat' dir='ltr'><em>imparem</em></span> <span class='ocrx_word' id='word_1_132' title='bbox 1379 1956 1500 2052; x_wconf 66' lang='lat' dir='ltr'><em>effi*</em></span> <span class='ocrx_word' id='word_1_133' title='bbox 1549 1981 1691 2032; x_wconf 89' lang='lat' dir='ltr'><em>non</em></span> <span class='ocrx_word' id='word_1_134' title='bbox 1744 1952 2069 2044; x_wconf 85' lang='lat' dir='ltr'><em>diffiteor</em></span> <span class='ocrx_word' id='word_1_135' title='bbox 2088 2003 2115 2043; x_wconf 86' lang='lat'>‚</span> <span class='ocrx_word' id='word_1_136' title='bbox 2177 1950 2346 2029; x_wconf 89' lang='lat' dir='ltr'><em>adeo</em></span> <span class='ocrx_word' id='word_1_137' title='bbox 2415 1950 2741 2057; x_wconf 74' lang='lat' dir='ltr'><em>quidem,</em></span> <span class='ocrx_word' id='word_1_138' title='bbox 2800 1969 2890 2030; x_wconf 89' lang='lat' dir='ltr'><em>ut</em></span> <span class='ocrx_word' id='word_1_139' title='bbox 2930 1972 3217 2057; x_wconf 80' lang='lat' dir='ltr'><em>praeter</em></span> <span class='ocrx_word' id='word_1_140' title='bbox 3269 1958 3352 2031; x_wconf 93' lang='lat' dir='ltr'><em>in</em></span> <span class='ocrx_word' id='word_1_141' title='bbox 3397 1981 3477 2031; x_wconf 91' lang='lat' dir='ltr'><em>eo</em></span> 
     </span>
     <span class='ocr_line' id='line_1_18' title="bbox 383 2068 3481 2184; baseline -0.002 -30"><span class='ocrx_word' id='word_1_142' title='bbox 383 2076 815 2184; x_wconf 76' lang='lat' dir='ltr'><em>pauciffi&#39;ma</em></span> <span class='ocrx_word' id='word_1_143' title='bbox 832 2123 857 2163; x_wconf 84' lang='lat'><em>,</em></span> <span class='ocrx_word' id='word_1_144' title='bbox 917 2072 1045 2150; x_wconf 85' lang='lat' dir='ltr'><em>vel</em></span> <span class='ocrx_word' id='word_1_145' title='bbox 1074 2088 1384 2173; x_wconf 81' lang='lat' dir='ltr'><em>propter</em></span> <span class='ocrx_word' id='word_1_146' title='bbox 1444 2068 1727 2146; x_wconf 79' lang='lat' dir='ltr'><em>mendas</em></span> <span class='ocrx_word' id='word_1_147' title='bbox 1756 2121 1781 2159; x_wconf 86' lang='lat'>‚</span> <span class='ocrx_word' id='word_1_148' title='bbox 1844 2070 1969 2145; x_wconf 88' lang='lat' dir='ltr'><em>vel</em></span> <span class='ocrx_word' id='word_1_149' title='bbox 1996 2084 2313 2170; x_wconf 84' lang='lat' dir='ltr'><em>propter</em></span> <span class='ocrx_word' id='word_1_150' title='bbox 2347 2068 2740 2171; x_wconf 73' lang='lat' dir='ltr'><em>scriptoris</em></span> <span class='ocrx_word' id='word_1_151' title='bbox 2791 2071 3192 2164; x_wconf 83' lang='lat' dir='ltr'><em>infantiam</em></span> <span class='ocrx_word' id='word_1_152' title='bbox 3209 2120 3234 2161; x_wconf 83' lang='lat'>‚</span> <span class='ocrx_word' id='word_1_153' title='bbox 3293 2070 3481 2149; x_wconf 86' lang='lat' dir='ltr'><em>indi·</em></span> 
     </span>
     <span class='ocr_line' id='line_1_19' title="bbox 392 2178 3486 2300; baseline -0.002 -31"><span class='ocrx_word' id='word_1_154' title='bbox 392 2216 629 2300; x_wconf 81' lang='lat' dir='ltr'><em>gnum</em></span> <span class='ocrx_word' id='word_1_155' title='bbox 658 2208 844 2294; x_wconf 84' lang='lat' dir='ltr'><em>pene</em></span> <span class='ocrx_word' id='word_1_156' title='bbox 858 2183 1194 2291; x_wconf 82' lang='lat' dir='ltr'><em>judicem</em></span> <span class='ocrx_word' id='word_1_157' title='bbox 1220 2185 1535 2264; x_wconf 69' lang='lat' dir='ltr'><em>leHione.</em></span> <span class='ocrx_word' id='word_1_158' title='bbox 1602 2236 1611 2243; x_wconf 94' lang='lat'>-</span> <span class='ocrx_word' id='word_1_159' title='bbox 1653 2185 1991 2280; x_wconf 71' lang='lat' dir='ltr'><em>Historia</em></span> <span class='ocrx_word' id='word_1_160' title='bbox 2030 2188 2109 2274; x_wconf 85' lang='lat' dir='ltr'><em>in</em></span> <span class='ocrx_word' id='word_1_161' title='bbox 2138 2186 2262 2261; x_wconf 71' lang='lat' dir='ltr'><em>iao</em></span> <span class='ocrx_word' id='word_1_162' title='bbox 2272 2183 2459 2282; x_wconf 74' lang='lat' dir='ltr'><em>fitne</em></span> <span class='ocrx_word' id='word_1_163' title='bbox 2500 2178 2999 2288; x_wconf 76' lang='lat' dir='ltr'><em>comprehendi</em></span> <span class='ocrx_word' id='word_1_164' title='bbox 3033 2190 3308 2292; x_wconf 71' lang='lat' dir='ltr'><em>potest,</em></span> <span class='ocrx_word' id='word_1_165' title='bbox 3371 2210 3486 2263; x_wconf 89' lang='lat' dir='ltr'><em>re-</em></span> 
     </span>
     <span class='ocr_line' id='line_1_20' title="bbox 402 2298 3479 2414; baseline -0.002 -26"><span class='ocrx_word' id='word_1_166' title='bbox 402 2310 610 2414; x_wconf 85' lang='lat' dir='ltr'><em>liqua</em></span> <span class='ocrx_word' id='word_1_167' title='bbox 622 2356 650 2399; x_wconf 87' lang='lat'><em>‚</em></span> <span class='ocrx_word' id='word_1_168' title='bbox 713 2320 803 2382; x_wconf 82' lang='lat' dir='ltr'><em>ut</em></span> <span class='ocrx_word' id='word_1_169' title='bbox 834 2326 992 2381; x_wconf 80' lang='lat' dir='ltr'><em>mea</em></span> <span class='ocrx_word' id='word_1_170' title='bbox 1017 2301 1198 2400; x_wconf 84' lang='lat' dir='ltr'><em>fert</em></span> <span class='ocrx_word' id='word_1_171' title='bbox 1220 2306 1472 2405; x_wconf 85' lang='lat' dir='ltr'><em>-opinio</em></span> <span class='ocrx_word' id='word_1_172' title='bbox 1494 2351 1520 2394; x_wconf 85' lang='lat'>,</span> <span class='ocrx_word' id='word_1_173' title='bbox 1578 2298 1974 2411; x_wconf 76' lang='lat' dir='ltr'><em>difficulter</em></span> <span class='ocrx_word' id='word_1_174' title='bbox 2019 2303 2367 2407; x_wconf 76' lang='lat' dir='ltr'><em>inteHigi.</em></span> <span class='ocrx_word' id='word_1_175' title='bbox 2489 2299 2657 2379; x_wconf 78' lang='lat' dir='ltr'><em>Hoc</em></span> <span class='ocrx_word' id='word_1_176' title='bbox 2690 2326 2909 2380; x_wconf 80' lang='lat' dir='ltr'><em>unum</em></span> <span class='ocrx_word' id='word_1_177' title='bbox 2944 2329 2982 2380; x_wconf 91' lang='lat' dir='ltr'><em>e</em></span> <span class='ocrx_word' id='word_1_178' title='bbox 3009 2299 3479 2399; x_wconf 66' lang='lat' dir='ltr'><em>duobus&#39;fieitL</em></span> 
     </span>
     <span class='ocr_line' id='line_1_21' title="bbox 410 2416 3488 2529; baseline -0.003 -24"><span class='ocrx_word' id='word_1_179' title='bbox 410 2425 800 2529; x_wconf 81' lang='lat' dir='ltr'><em>Reliquum</em></span> <span class='ocrx_word' id='word_1_180' title='bbox 836 2436 1047 2511; x_wconf 80' lang='lat' dir='ltr'><em>erat,</em></span> <span class='ocrx_word' id='word_1_181' title='bbox 1104 2437 1196 2497; x_wconf 89' lang='lat' dir='ltr'><em>ut</em></span> <span class='ocrx_word' id='word_1_182' title='bbox 1251 2417 1551 2517; x_wconf 75' lang='lat' dir='ltr'><em>Ccestzris</em></span> <span class='ocrx_word' id='word_1_183' title='bbox 1588 2418 2028 2524; x_wconf 83' lang='lat' dir='ltr'><em>potiffimum</em></span> <span class='ocrx_word' id='word_1_184' title='bbox 2073 2418 2393 2521; x_wconf 83' lang='lat' dir='ltr'><em>exemplo</em></span> <span class='ocrx_word' id='word_1_185' title='bbox 2457 2422 2805 2495; x_wconf 79' lang='lat' dir='ltr'><em>maximis</em></span> <span class='ocrx_word' id='word_1_186' title='bbox 2860 2424 3086 2498; x_wconf 84' lang='lat' dir='ltr'><em>etiam</em></span> <span class='ocrx_word' id='word_1_187' title='bbox 3137 2424 3222 2498; x_wconf 88' lang='lat' dir='ltr'><em>in</em></span> <span class='ocrx_word' id='word_1_188' title='bbox 3280 2416 3488 2497; x_wconf 86' lang='lat' dir='ltr'><em>rebus</em></span> 
     </span>
     <span class='ocr_line' id='line_1_22' title="bbox 396 2530 3574 2650; baseline -0.002 -29"><span class='ocrx_word' id='word_1_189' title='bbox 396 2538 741 2650; x_wconf 85' lang='lat' dir='ltr'><em>gerendis</em></span> <span class='ocrx_word' id='word_1_190' title='bbox 765 2541 960 2616; x_wconf 81' lang='lat' dir='ltr'><em>viris</em></span> <span class='ocrx_word' id='word_1_191' title='bbox 1001 2541 1409 2642; x_wconf 83' lang='lat' dir='ltr'><em>occupatis,</em></span> <span class='ocrx_word' id='word_1_192' title='bbox 1470 2564 1518 2615; x_wconf 90' lang='lat' dir='ltr'><em>a</em></span> <span class='ocrx_word' id='word_1_193' title='bbox 1563 2530 1901 2644; x_wconf 64' lang='lat' dir='ltr'><em>legendo,=</em></span> <span class='ocrx_word' id='word_1_194' title='bbox 1936 2533 2463 2643; x_wconf 74' lang='lat' dir='ltr'><em>scribendoque</em></span> <span class='ocrx_word' id='word_1_195' title='bbox 2504 2535 2818 2640; x_wconf 72' lang='lat' dir='ltr'><em>prorsus</em></span> <span class='ocrx_word' id='word_1_196' title='bbox 2865 2535 3294 2634; x_wconf 79' lang='lat' dir='ltr'><em>ostenderem</em></span> <span class='ocrx_word' id='word_1_197' title='bbox 3341 2563 3487 2615; x_wconf 86' lang='lat' dir='ltr'><em>non</em></span> <span class='ocrx_word' id='word_1_198' title='bbox 3529 2587 3536 2596; x_wconf 85' lang='lat'>-</span> <span class='ocrx_word' id='word_1_199' title='bbox 3571 2585 3574 2598; x_wconf 92' lang='lat'><em>·</em></span> 
     </span>
     <span class='ocr_line' id='line_1_23' title="bbox 409 2650 3490 2763; baseline -0.002 -26"><span class='ocrx_word' id='word_1_200' title='bbox 409 2654 659 2738; x_wconf 85' lang='lat' dir='ltr'><em>debere</em></span> <span class='ocrx_word' id='word_1_201' title='bbox 690 2659 1018 2733; x_wconf 85' lang='lat' dir='ltr'><em>avocari.</em></span> <span class='ocrx_word' id='word_1_202' title='bbox 1139 2653 1327 2763; x_wconf 75' lang='lat' dir='ltr'><em>Qis</em></span> <span class='ocrx_word' id='word_1_203' title='bbox 1350 2658 1542 2734; x_wconf 82' lang='lat' dir='ltr'><em>enim</em></span> <span class='ocrx_word' id='word_1_204' title='bbox 1583 2660 1813 2758; x_wconf 85' lang='lat' dir='ltr'><em>potest</em></span> <span class='ocrx_word' id='word_1_205' title='bbox 1888 2658 2222 2732; x_wconf 85' lang='lat' dir='ltr'><em>inveniri</em></span> <span class='ocrx_word' id='word_1_206' title='bbox 2276 2651 2465 2755; x_wconf 77' lang='lat' dir='ltr'><em>majo</em></span> <span class='ocrx_word' id='word_1_207' title='bbox 2475 2650 2673 2730; x_wconf 85' lang='lat' dir='ltr'><em>ribus</em></span> <span class='ocrx_word' id='word_1_208' title='bbox 2718 2679 2933 2760; x_wconf 70' lang='lat' dir='ltr'><em>quam</em></span> <span class='ocrx_word' id='word_1_209' title='bbox 3008 2651 3246 2751; x_wconf 78' lang='lat' dir='ltr'><em>Coefitr</em></span> <span class='ocrx_word' id='word_1_210' title='bbox 3287 2659 3490 2733; x_wconf 81' lang='lat' dir='ltr'><em>euris</em></span> 
     </span>
     <span class='ocr_line' id='line_1_24' title="bbox 416 2767 3489 2879; baseline -0 -29"><span class='ocrx_word' id='word_1_211' title='bbox 416 2772 883 2877; x_wconf 79' lang='lat' dir='ltr'><em>implicitus?</em></span> <span class='ocrx_word' id='word_1_212' title='bbox 948 2769 1138 2877; x_wconf 76' lang='lat' dir='ltr'><em>Qis</em></span> <span class='ocrx_word' id='word_1_213' title='bbox 1176 2797 1225 2845; x_wconf 90' lang='lat' dir='ltr'><em>a</em></span> <span class='ocrx_word' id='word_1_214' title='bbox 1249 2786 1469 2871; x_wconf 86' lang='lat' dir='ltr'><em>puero</em></span> <span class='ocrx_word' id='word_1_215' title='bbox 1501 2796 1714 2875; x_wconf 85' lang='lat' dir='ltr'><em>usque</em></span> <span class='ocrx_word' id='word_1_216' title='bbox 1747 2767 2283 2861; x_wconf 80' lang='lat' dir='ltr'><em>difficilioribus</em></span> <span class='ocrx_word' id='word_1_217' title='bbox 2309 2773 2631 2875; x_wconf 79' lang='lat' dir='ltr'><em>negotiis</em></span> <span class='ocrx_word' id='word_1_218' title='bbox 2671 2776 3213 2848; x_wconf 81' lang='lat' dir='ltr'><em>circumventus</em></span> <span class='ocrx_word' id='word_1_219' title='bbox 3229 2771 3268 2849; x_wconf 66' lang='grc' dir='ltr'><em>,ἕ</em></span> <span class='ocrx_word' id='word_1_220' title='bbox 3298 2769 3489 2879; x_wconf 77' lang='lat' dir='ltr'><em>Qis</em></span> 
     </span>
     <span class='ocr_line' id='line_1_25' title="bbox 412 2881 3489 2992; baseline -0.001 -25"><span class='ocrx_word' id='word_1_221' title='bbox 412 2907 658 2968; x_wconf 83' lang='lat' dir='ltr'><em>tamen</em></span> <span class='ocrx_word' id='word_1_222' title='bbox 694 2911 885 2992; x_wconf 84' lang='lat' dir='ltr'><em>aque</em></span> <span class='ocrx_word' id='word_1_223' title='bbox 894 2884 1308 2984; x_wconf 71' lang='lat' dir='ltr'><em>studiosus?</em></span> <span class='ocrx_word' id='word_1_224' title='bbox 1366 2901 1467 2962; x_wconf 71' lang='lat' dir='ltr'><em>ut</em></span> <span class='ocrx_word' id='word_1_225' title='bbox 1489 2886 1799 2981; x_wconf 62' lang='lat' dir='ltr'><em>uestitu,</em></span> <span class='ocrx_word' id='word_1_226' title='bbox 1863 2881 2106 2988; x_wconf 77' lang='lat' dir='ltr'><em>major</em></span> <span class='ocrx_word' id='word_1_227' title='bbox 2135 2912 2222 2986; x_wconf 89' lang='lat' dir='ltr'><em>ne</em></span> <span class='ocrx_word' id='word_1_228' title='bbox 2252 2889 2554 2990; x_wconf 86' lang='lat' dir='ltr'><em>imperio</em></span> <span class='ocrx_word' id='word_1_229' title='bbox 2569 2886 2834 2982; x_wconf 87' lang='lat' dir='ltr'><em>fuerit</em></span> <span class='ocrx_word' id='word_1_230' title='bbox 2859 2938 2885 2978; x_wconf 86' lang='lat'>‚</span> <span class='ocrx_word' id='word_1_231' title='bbox 2948 2913 3044 2964; x_wconf 88' lang='lat' dir='ltr'><em>an</em></span> <span class='ocrx_word' id='word_1_232' title='bbox 3076 2885 3489 2966; x_wconf 81' lang='lat' dir='ltr'><em>eruditione</em></span> 
     </span>
     <span class='ocr_line' id='line_1_26' title="bbox 408 3000 3491 3109; baseline -0.003 -24"><span class='ocrx_word' id='word_1_233' title='bbox 408 3005 806 3085; x_wconf 78' lang='lat' dir='ltr'><em>cumulatio</em></span> <span class='ocrx_word' id='word_1_234' title='bbox 815 3031 879 3082; x_wconf 89' lang='lat' dir='ltr'><em>r.</em></span> <span class='ocrx_word' id='word_1_235' title='bbox 999 3001 1218 3080; x_wconf 89' lang='lat' dir='ltr'><em>Certe</em></span> <span class='ocrx_word' id='word_1_236' title='bbox 1272 3027 1464 3081; x_wconf 80' lang='lat' dir='ltr'><em>neno</em></span> <span class='ocrx_word' id='word_1_237' title='bbox 1521 3000 1963 3095; x_wconf 76' lang='lat' dir='ltr'><em>diffitebitur</em></span> <span class='ocrx_word' id='word_1_238' title='bbox 1975 3055 2000 3095; x_wconf 84' lang='lat'><strong><em>,</em></strong></span> <span class='ocrx_word' id='word_1_239' title='bbox 2076 3003 2598 3109; x_wconf 87' lang='lat' dir='ltr'><em>eloquentiores</em></span> <span class='ocrx_word' id='word_1_240' title='bbox 2648 3031 2726 3080; x_wconf 89' lang='lat' dir='ltr'><em>eo</em></span> <span class='ocrx_word' id='word_1_241' title='bbox 2803 3005 2978 3080; x_wconf 67' lang='lat' dir='ltr'><em>unos</em></span> <span class='ocrx_word' id='word_1_242' title='bbox 3038 3030 3186 3080; x_wconf 88' lang='lat' dir='ltr'><em>non</em></span> <span class='ocrx_word' id='word_1_243' title='bbox 3210 3001 3438 3101; x_wconf 66' lang='lat' dir='ltr'><em>fuiffi’</em></span> <span class='ocrx_word' id='word_1_244' title='bbox 3459 3053 3491 3097; x_wconf 85' lang='lat'>‚</span> 
     </span>
     <span class='ocr_line' id='line_1_27' title="bbox 412 3117 3488 3228; baseline -0.002 -27"><span class='ocrx_word' id='word_1_245' title='bbox 412 3127 587 3222; x_wconf 80' lang='lat' dir='ltr'><em>teste</em></span> <span class='ocrx_word' id='word_1_246' title='bbox 634 3119 978 3199; x_wconf 82' lang='lat' dir='ltr'><em>Cicerone</em></span> <span class='ocrx_word' id='word_1_247' title='bbox 1000 3171 1026 3211; x_wconf 85' lang='lat'>‚</span> <span class='ocrx_word' id='word_1_248' title='bbox 1085 3123 1169 3198; x_wconf 89' lang='lat' dir='ltr'><em>in</em></span> <span class='ocrx_word' id='word_1_249' title='bbox 1201 3120 1581 3200; x_wconf 80' lang='lat' dir='ltr'><em>latinitate</em></span> <span class='ocrx_word' id='word_1_250' title='bbox 1615 3148 1792 3200; x_wconf 85' lang='lat' dir='ltr'><em>vero</em></span> <span class='ocrx_word' id='word_1_251' title='bbox 1853 3120 2344 3228; x_wconf 81' lang='lat' dir='ltr'><em>elegantiores·</em></span> <span class='ocrx_word' id='word_1_252' title='bbox 2349 3121 2402 3212; x_wconf 68' lang='lat'><em>,&#39;</em></span> <span class='ocrx_word' id='word_1_253' title='bbox 2428 3118 2810 3218; x_wconf 64' lang='lat' dir='ltr'><em>Prfiiani·</em></span> <span class='ocrx_word' id='word_1_254' title='bbox 2848 3141 3120 3226; x_wconf 75' lang='lat' dir='ltr'><em>quoqne</em></span> <span class='ocrx_word' id='word_1_255' title='bbox 3163 3117 3488 3198; x_wconf 78' lang='lat' dir='ltr'><em>arbitra·</em></span> 
     </span>
     <span class='ocr_line' id='line_1_28' title="bbox 416 3235 3564 3343; baseline -0.003 -26"><span class='ocrx_word' id='word_1_256' title='bbox 416 3256 504 3318; x_wconf 87' lang='lat' dir='ltr'><em>tu</em></span> <span class='ocrx_word' id='word_1_257' title='bbox 532 3293 557 3330; x_wconf 83' lang='lat'>,</span> <span class='ocrx_word' id='word_1_258' title='bbox 616 3243 697 3316; x_wconf 90' lang='lat' dir='ltr'><em>in</em></span> <span class='ocrx_word' id='word_1_259' title='bbox 735 3236 1163 3343; x_wconf 79' lang='lat' dir='ltr'><em>Astrologia</em></span> <span class='ocrx_word' id='word_1_260' title='bbox 1194 3236 1485 3342; x_wconf 80' lang='lat' dir='ltr'><em>denique</em></span> <span class='ocrx_word' id='word_1_261' title='bbox 1496 3243 1943 3343; x_wconf 83' lang='lat' dir='ltr'><em>peritiores,</em></span> <span class='ocrx_word' id='word_1_262' title='bbox 1972 3236 2249 3315; x_wconf 85' lang='lat' dir='ltr'><em>-Plinio</em></span> <span class='ocrx_word' id='word_1_263' title='bbox 2309 3235 2459 3341; x_wconf 80' lang='lat' dir='ltr'><em>ipso</em></span> <span class='ocrx_word' id='word_1_264' title='bbox 2522 3241 2639 3315; x_wconf 88' lang='lat' dir='ltr'><em>ita</em></span> <span class='ocrx_word' id='word_1_265' title='bbox 2669 3236 3119 3341; x_wconf 68' lang='lat' dir='ltr'><em>pradia-ante</em></span> <span class='ocrx_word' id='word_1_266' title='bbox 3136 3288 3162 3328; x_wconf 86' lang='lat'>‚</span> <span class='ocrx_word' id='word_1_267' title='bbox 3225 3241 3306 3314; x_wconf 83' lang='lat' dir='ltr'><em>in</em></span> <span class='ocrx_word' id='word_1_268' title='bbox 3354 3241 3485 3315; x_wconf 76' lang='lat' dir='ltr'><em>im-</em></span> <span class='ocrx_word' id='word_1_269' title='bbox 3555 3299 3564 3307; x_wconf 83' lang='lat'>.</span> 
     </span>
     <span class='ocr_line' id='line_1_29' title="bbox 401 3349 3488 3459; baseline -0.001 -27"><span class='ocrx_word' id='word_1_270' title='bbox 401 3360 621 3459; x_wconf 83' lang='lat' dir='ltr'><em>perio</em></span> <span class='ocrx_word' id='word_1_271' title='bbox 676 3353 953 3431; x_wconf 84' lang='lat' dir='ltr'><em>demum</em></span> <span class='ocrx_word' id='word_1_272' title='bbox 978 3349 1361 3457; x_wconf 56' lang='lat' dir='ltr'><em>&#39;‘mtty‘oress</em></span> <span class='ocrx_word' id='word_1_273' title='bbox 1418 3360 1610 3432; x_wconf 84' lang='lat' dir='ltr'><em>omni</em></span> <span class='ocrx_word' id='word_1_274' title='bbox 1669 3355 1941 3432; x_wconf 83' lang='lat' dir='ltr'><em>mundo·</em></span> <span class='ocrx_word' id='word_1_275' title='bbox 2000 3357 2430 3452; x_wconf 68' lang='lat' dir='ltr'><em>attestante,</em></span> <span class='ocrx_word' id='word_1_276' title='bbox 2467 3353 2582 3433; x_wconf 63' lang='grc' dir='ltr'><em>Ἐφ’</em></span> <span class='ocrx_word' id='word_1_277' title='bbox 2640 3352 2941 3452; x_wconf 81' lang='lat' dir='ltr'><em>Caesttris</em></span> <span class='ocrx_word' id='word_1_278' title='bbox 2986 3352 3133 3457; x_wconf 80' lang='lat' dir='ltr'><em>ipso</em></span> <span class='ocrx_word' id='word_1_279' title='bbox 3201 3357 3488 3431; x_wconf 84' lang='lat' dir='ltr'><em>nomine</em></span> 
     </span>
     <span class='ocr_line' id='line_1_30' title="bbox 413 3466 3487 3576; baseline -0.001 -27"><span class='ocrx_word' id='word_1_280' title='bbox 413 3468 880 3550; x_wconf 67' lang='lat' dir='ltr'><em>haereditario</em></span> <span class='ocrx_word' id='word_1_281' title='bbox 910 3466 1477 3574; x_wconf 83' lang='lat' dir='ltr'><em>Imperatoribus</em></span> <span class='ocrx_word' id='word_1_282' title='bbox 1499 3470 1799 3565; x_wconf 72' lang='lat' dir='ltr'><em>summis</em></span> <span class='ocrx_word' id='word_1_283' title='bbox 1814 3470 2291 3575; x_wconf 70' lang='lat' dir='ltr'><em>perdurante.</em></span> <span class='ocrx_word' id='word_1_284' title='bbox 2425 3471 2671 3547; x_wconf 85' lang='lat' dir='ltr'><em>Talem</em></span> <span class='ocrx_word' id='word_1_285' title='bbox 2720 3475 3007 3576; x_wconf 73' lang='lat' dir='ltr'><em>igitur,</em></span> <span class='ocrx_word' id='word_1_286' title='bbox 3071 3471 3166 3551; x_wconf 60' lang='grc' dir='ltr'><em>θ’</em></span> <span class='ocrx_word' id='word_1_287' title='bbox 3198 3485 3487 3547; x_wconf 76' lang='lat' dir='ltr'><em>tantum</em></span> 
     </span>
     <span class='ocr_line' id='line_1_31' title="bbox 416 3585 3558 3695; baseline -0.001 -28"><span class='ocrx_word' id='word_1_288' title='bbox 416 3594 502 3668; x_wconf 77' lang='lat' dir='ltr'><em>in</em></span> <span class='ocrx_word' id='word_1_289' title='bbox 570 3613 749 3693; x_wconf 86' lang='lat' dir='ltr'><em>nego</em></span> <span class='ocrx_word' id='word_1_290' title='bbox 758 3589 889 3663; x_wconf 90' lang='lat' dir='ltr'><em>tiis</em></span> <span class='ocrx_word' id='word_1_291' title='bbox 904 3638 928 3678; x_wconf 88' lang='lat'><em>‚</em></span> <span class='ocrx_word' id='word_1_292' title='bbox 992 3585 1087 3666; x_wconf 57' lang='grc' dir='ltr'><em>θ’</em></span> <span class='ocrx_word' id='word_1_293' title='bbox 1137 3593 1218 3665; x_wconf 89' lang='lat' dir='ltr'><em>in</em></span> <span class='ocrx_word' id='word_1_294' title='bbox 1279 3591 1434 3665; x_wconf 92' lang='lat' dir='ltr'><em>ocio</em></span> <span class='ocrx_word' id='word_1_295' title='bbox 1488 3593 1739 3667; x_wconf 83' lang='lat' dir='ltr'><em>virum</em></span> <span class='ocrx_word' id='word_1_296' title='bbox 1759 3640 1785 3680; x_wconf 88' lang='lat'>‚</span> <span class='ocrx_word' id='word_1_297' title='bbox 1845 3603 1933 3664; x_wconf 85' lang='lat' dir='ltr'><em>ut</em></span> <span class='ocrx_word' id='word_1_298' title='bbox 1994 3612 2125 3692; x_wconf 87' lang='lat' dir='ltr'><em>ego</em></span> <span class='ocrx_word' id='word_1_299' title='bbox 2190 3585 2826 3695; x_wconf 67' lang='lat' dir='ltr'><em>recognoleendum</em></span> <span class='ocrx_word' id='word_1_300' title='bbox 2842 3638 2871 3683; x_wconf 83' lang='lat'>‚</span> <span class='ocrx_word' id='word_1_301' title='bbox 2933 3591 3048 3668; x_wconf 86' lang='lat' dir='ltr'><em>ita</em></span> <span class='ocrx_word' id='word_1_302' title='bbox 3112 3585 3491 3695; x_wconf 80' lang='lat' dir='ltr'><em>legendum</em></span> <span class='ocrx_word' id='word_1_303' title='bbox 3553 3633 3558 3643; x_wconf 90' lang='lat'><strong>·</strong></span> 
     </span>
     <span class='ocr_line' id='line_1_32' title="bbox 412 3703 3262 3811; baseline 0.001 -25"><span class='ocrx_word' id='word_1_304' title='bbox 412 3719 657 3786; x_wconf 73' lang='lat' dir='ltr'><em>omnes</em></span> <span class='ocrx_word' id='word_1_305' title='bbox 687 3703 921 3804; x_wconf 74' lang='lat' dir='ltr'><em>facile</em></span> <span class='ocrx_word' id='word_1_306' title='bbox 924 3703 1227 3803; x_wconf 73' lang='lat' dir='ltr'><em>sternent</em></span> <span class='ocrx_word' id='word_1_307' title='bbox 1239 3756 1269 3798; x_wconf 85' lang='lat'><em>,</em></span> <span class='ocrx_word' id='word_1_308' title='bbox 1338 3703 1432 3784; x_wconf 61' lang='grc' dir='ltr'><em>ἕν’</em></span> <span class='ocrx_word' id='word_1_309' title='bbox 1444 3705 1845 3811; x_wconf 73' lang='lat' dir='ltr'><em>pro&#39;virili</em></span> <span class='ocrx_word' id='word_1_310' title='bbox 1880 3703 2341 3789; x_wconf 74' lang='lat' dir='ltr'><em>imitandum.</em></span> <span class='ocrx_word' id='word_1_311' title='bbox 3025 3715 3028 3718; x_wconf 67' lang='grc'><strong>’</strong></span> <span class='ocrx_word' id='word_1_312' title='bbox 3255 3715 3262 3720; x_wconf 81' lang='grc'><strong>’</strong></span> 
     </span>
    </p>
   </div>
   <div class='ocr_carea' id='block_1_5' title="bbox 412 3921 3486 4610">
    <p class='ocr_par' dir='ltr' id='par_1_5' title="bbox 412 3921 3486 4610">
     <span class='ocr_line' id='line_1_33' title="bbox 476 3921 3485 4054; baseline -0.001 -32"><span class='ocrx_word' id='word_1_313' title='bbox 476 3957 531 4044; x_wconf 65' lang='lat' dir='ltr'>J</span> <span class='ocrx_word' id='word_1_314' title='bbox 698 3944 899 4054; x_wconf 74' lang='lat' dir='ltr'><em>Quae</em></span> <span class='ocrx_word' id='word_1_315' title='bbox 971 3936 1072 4023; x_wconf 88' lang='lat' dir='ltr'><em>de</em></span> <span class='ocrx_word' id='word_1_316' title='bbox 1128 3921 1429 4023; x_wconf 64' lang='lat' dir='ltr'><em>incerto</em></span> <span class='ocrx_word' id='word_1_317' title='bbox 1485 3938 1831 4026; x_wconf 68' lang='grc' dir='ltr'><em>Αιιᾶοιτ</em></span> <span class='ocrx_word' id='word_1_318' title='bbox 1881 3937 2372 4053; x_wconf 86' lang='lat' dir='ltr'><em>quorundam</em></span> <span class='ocrx_word' id='word_1_319' title='bbox 2436 3933 2855 4033; x_wconf 84' lang='lat' dir='ltr'><em>librorum,</em></span> <span class='ocrx_word' id='word_1_320' title='bbox 2935 3935 3076 4048; x_wconf 84' lang='lat' dir='ltr'><em>&#39;qui</em></span> <span class='ocrx_word' id='word_1_321' title='bbox 3139 3935 3485 4047; x_wconf 72' lang='lat' dir='ltr'><em>genuinis</em></span> 
     </span>
     <span class='ocr_line' id='line_1_34' title="bbox 418 4046 3486 4168; baseline -0 -32"><span class='ocrx_word' id='word_1_322' title='bbox 418 4051 728 4139; x_wconf 76' lang='lat' dir='ltr'><em>Caesaris</em></span> <span class='ocrx_word' id='word_1_323' title='bbox 764 4049 1364 4142; x_wconf 73' lang='lat' dir='ltr'><em>Commentariis</em></span> <span class='ocrx_word' id='word_1_324' title='bbox 1416 4052 1914 4168; x_wconf 83' lang='lat' dir='ltr'><em>copulantur,</em></span> <span class='ocrx_word' id='word_1_325' title='bbox 1962 4057 2225 4142; x_wconf 61' lang='lat' dir='ltr'><em>tradit</em></span> <span class='ocrx_word' id='word_1_326' title='bbox 2268 4052 2675 4146; x_wconf 82' lang='lat' dir='ltr'><em>Aletienfis</em></span> <span class='ocrx_word' id='word_1_327' title='bbox 2723 4079 2822 4139; x_wconf 81' lang='lat' dir='ltr'><em>ex</em></span> <span class='ocrx_word' id='word_1_328' title='bbox 2863 4052 3247 4136; x_wconf 85' lang='lat' dir='ltr'><em>Suetonio</em></span> <span class='ocrx_word' id='word_1_329' title='bbox 3271 4105 3299 4147; x_wconf 84' lang='lat'>‚</span> <span class='ocrx_word' id='word_1_330' title='bbox 3360 4046 3486 4135; x_wconf 89' lang='lat' dir='ltr'><em>fu·</em></span> 
     </span>
     <span class='ocr_line' id='line_1_35' title="bbox 419 4161 3485 4286; baseline 0 -31"><span class='ocrx_word' id='word_1_331' title='bbox 419 4165 564 4255; x_wconf 76' lang='lat' dir='ltr'><em>iius</em></span> <span class='ocrx_word' id='word_1_332' title='bbox 612 4167 953 4281; x_wconf 75' lang='lat' dir='ltr'><em>explicat·</em></span> <span class='ocrx_word' id='word_1_333' title='bbox 982 4168 1291 4259; x_wconf 81' lang='lat' dir='ltr'><em>Voffius</em></span> <span class='ocrx_word' id='word_1_334' title='bbox 1338 4170 1445 4258; x_wconf 85' lang='lat' dir='ltr'><em>de</em></span> <span class='ocrx_word' id='word_1_335' title='bbox 1483 4174 1670 4260; x_wconf 87' lang='lat' dir='ltr'><em>Hist.</em></span> <span class='ocrx_word' id='word_1_336' title='bbox 1704 4175 1867 4259; x_wconf 75' lang='lat' dir='ltr'><strong>Lat.</strong></span> <span class='ocrx_word' id='word_1_337' title='bbox 1914 4179 1993 4258; x_wconf 78' lang='grc' dir='ltr'><em>δι</em></span> <span class='ocrx_word' id='word_1_338' title='bbox 2044 4173 2212 4286; x_wconf 80' lang='lat' dir='ltr'><em>post</em></span> <span class='ocrx_word' id='word_1_339' title='bbox 2247 4175 2451 4258; x_wconf 88' lang='lat' dir='ltr'><em>hunc</em></span> <span class='ocrx_word' id='word_1_340' title='bbox 2496 4166 2623 4256; x_wconf 85' lang='lat' dir='ltr'><em>alii</em></span> <span class='ocrx_word' id='word_1_341' title='bbox 2667 4165 2947 4283; x_wconf 62' lang='lat' dir='ltr'><em>plures,</em></span> <span class='ocrx_word' id='word_1_342' title='bbox 2970 4193 3172 4283; x_wconf 85' lang='lat' dir='ltr'><em>quos</em></span> <span class='ocrx_word' id='word_1_343' title='bbox 3205 4161 3485 4255; x_wconf 69' lang='lat' dir='ltr'><em>[ecstor</em></span> 
     </span>
     <span class='ocr_line' id='line_1_36' title="bbox 416 4279 3481 4403; baseline -0 -35"><span class='ocrx_word' id='word_1_344' title='bbox 416 4280 778 4369; x_wconf 80' lang='lat' dir='ltr'><em>consulet·</em></span> <span class='ocrx_word' id='word_1_345' title='bbox 898 4292 1050 4374; x_wconf 86' lang='lat' dir='ltr'><em>Hic</em></span> <span class='ocrx_word' id='word_1_346' title='bbox 1112 4316 1300 4376; x_wconf 75' lang='lat' dir='ltr'><em>vero</em></span> <span class='ocrx_word' id='word_1_347' title='bbox 1362 4287 1822 4403; x_wconf 84' lang='lat' dir='ltr'><em>potiffimum</em></span> <span class='ocrx_word' id='word_1_348' title='bbox 1881 4291 2206 4379; x_wconf 81' lang='lat' dir='ltr'><em>adnotet</em></span> <span class='ocrx_word' id='word_1_349' title='bbox 2272 4282 2502 4374; x_wconf 83' lang='lat' dir='ltr'><em>velim</em></span> <span class='ocrx_word' id='word_1_350' title='bbox 2560 4284 2796 4372; x_wconf 83' lang='lat' dir='ltr'><em>verba</em></span> <span class='ocrx_word' id='word_1_351' title='bbox 2842 4281 2967 4371; x_wconf 87' lang='lat' dir='ltr'><em>illa</em></span> <span class='ocrx_word' id='word_1_352' title='bbox 3026 4279 3481 4383; x_wconf 80' lang='lat' dir='ltr'><em>Alerienfis,</em></span> 
     </span>
     <span class='ocr_line' id='line_1_37' title="bbox 412 4389 3484 4610; baseline -0.003 -121"><span class='ocrx_word' id='word_1_353' title='bbox 412 4398 703 4519; x_wconf 80' lang='lat' dir='ltr'><em>quibus</em></span> <span class='ocrx_word' id='word_1_354' title='bbox 740 4405 914 4490; x_wconf 83' lang='lat' dir='ltr'><em>Viri</em></span> <span class='ocrx_word' id='word_1_355' title='bbox 950 4409 1300 4493; x_wconf 78' lang='lat' dir='ltr'><em>maximis</em></span> <span class='ocrx_word' id='word_1_356' title='bbox 1356 4411 1586 4496; x_wconf 72' lang='lat' dir='ltr'><em>etiam</em></span> <span class='ocrx_word' id='word_1_357' title='bbox 1628 4411 1716 4497; x_wconf 89' lang='lat' dir='ltr'><em>in</em></span> <span class='ocrx_word' id='word_1_358' title='bbox 1765 4406 1990 4496; x_wconf 83' lang='lat' dir='ltr'><em>rebus</em></span> <span class='ocrx_word' id='word_1_359' title='bbox 2037 4389 2406 4610; x_wconf 52' lang='lat' dir='ltr'><em>gssendis&#39;</em></span> <span class='ocrx_word' id='word_1_360' title='bbox 2436 4405 2792 4520; x_wconf 82' lang='lat' dir='ltr'><em>occupati</em></span> <span class='ocrx_word' id='word_1_361' title='bbox 2840 4398 3148 4492; x_wconf 74' lang='lat' dir='ltr'><em>Caesaris</em></span> <span class='ocrx_word' id='word_1_362' title='bbox 3193 4396 3484 4516; x_wconf 76' lang='lat' dir='ltr'><em>potim-</em></span> 
     </span>
    </p>

    <p class='ocr_par' dir='ltr' id='par_1_6' title="bbox 606 4542 3486 4606">
     <span class='ocr_line' id='line_1_38' title="bbox 606 4542 3486 4606; baseline -0.001 1"><span class='ocrx_word' id='word_1_363' title='bbox 606 4577 613 4586; x_wconf 91' lang='lat'>-</span> <span class='ocrx_word' id='word_1_364' title='bbox 2226 4549 2270 4606; x_wconf 84' lang='lat'>2</span> <span class='ocrx_word' id='word_1_365' title='bbox 2805 4587 2815 4594; x_wconf 87' lang='lat'><em>.</em></span> <span class='ocrx_word' id='word_1_366' title='bbox 3271 4542 3486 4604; x_wconf 85' lang='lat' dir='ltr'><em>mum</em></span> 
     </span>
    </p>
   </div>
  </div>
 </body>
</html>
