4042 5100
82 2047 94 2126 -U-
82 1951 96 2006 —
82 1821 96 1888 -
82 1715 94 1766 -
84 1571 95 1648 a·
82 1385 94 1526 -Ι-ἸΌ
82 1241 94 1286 .-
84 1121 95 1168 -
84 1005 85 1044 ‘⁴
84 887 87 922 Α*

82 2549 92 2841 -η-ᾼ--ψ
82 2407 92 2484 -..-
82 2309 94 2364 ....
84 2221 87 2254 -f

896 309 1897 417 La-APuLEJusET
1958 312 2663 394 ALclNous.
3250 334 3394 408 ,ω

2983 439 3184 458 —n-n

305 491 663 584 mediocri
690 500 1136 606 vigilantia,
1194 514 1284 577 ut
1319 504 1402 578 in
1428 501 2042 603 exemplariorum
2067 505 2387 602 penuria
2432 501 2653 578 licuit
2670 551 2695 589 ,
2760 497 3011 603 redegi
3053 502 3135 574 in
3176 523 3398 578 unum

304 639 567 724 corpus
582 669 609 710 ,
669 622 906 695 variis
945 621 1025 693 in
1054 615 1231 694 locis
1282 612 1741 693 membratim
1776 616 2298 721 perquisitum,
2357 643 2649 721 eumque
2696 616 2848 717 Imp
2857 609 3228 710 refforibus
3263 641 3397 694 no·

286 739 481 832 stris
513 732 796 810 tradidi
830 731 1302 842 exarandum.
1421 731 1543 810 De
1571 759 1737 837 quo,
1798 728 2141 810 PATER
2174 727 2835 821 BEATISSIME,
2895 728 3398 836 quadamfor-

309 851 505 952 tafflls
537 852 829 927 leHuris
863 877 1005 926 non
1056 854 1404 954 ingrata,
1464 844 1634 926 huic
1673 846 1990 947 inserere
2034 847 2137 925 ad
2192 849 2291 925 Te
2344 848 2674 951 Epistola
2709 851 2950 945 statui
2964 898 2988 936 ,
3052 872 3192 923 non
3243 864 3397 928 tam

308 985 399 1047 ut
409 966 412 969 ’
416 963 789 1064 faciliore
816 985 1033 1069 opera
1071 961 1434 1069 Apuleius
1465 966 2008 1069 intelligeretur
2068 956 2219 1070 (id
2252 971 2444 1042 enim
2472 965 2827 1068 longioris
2864 957 3398 1046 lucubrationis

306 1079 655 1190 indiget)
698 1108 914 1188 quam
945 1099 1034 1159 ut
1069 1087 1150 1159 in
1184 1108 1446 1159 novam
1508 1086 1896 1158 materiam
1909 1131 1936 1172 ,
1997 1080 2239 1157 veluti
2279 1081 2692 1177 inacceffitm
2725 1082 2941 1183 prius
2973 1084 3176 1157 viam
3192 1130 3218 1171 ,
3280 1108 3398 1158 re-

303 1226 471 1280 cens
499 1202 882 1305 ingrellos,
939 1198 1238 1277 indiciis
1272 1193 1730 1303 quibusdam,
1798 1195 1892 1275 89³
1934 1196 2139 1301 quast
2169 1193 2614 1275 certioribus
2634 1196 2875 1301 signis
2890 1249 2914 1288 ,
2970 1223 3108 1304 quo
3159 1202 3396 1303 magis
3496 1253 3502 1264 <

308 1316 408 1396 θ’
445 1313 887 1406 confiderent
908 1365 936 1408 ,
997 1316 1092 1395 ὅτ’
1107 1313 1592 1420 procederent
1606 1364 1632 1404 ,
1691 1311 2184 1403 admonerem,
2233 1339 2322 1389 ne
2366 1317 2498 1417 rei·
2518 1316 2984 1418 ignoratione
3004 1314 3177 1416 plus
3198 1310 3390 1414 justo

305 1431 813 1535 trepidarent.-
874 1447 962 1509 ut
990 1431 1082 1509 de
1150 1431 1211 1505 0
1257 1428 1522 1529 usculis
1571 1456 1842 1534 quoque
1887 1430 2094 1531 ipsis,
2155 1455 2311 1533 quae
2363 1434 2444 1505 in
2488 1448 2747 1532 corpus
2822 1454 3040 1505 unum
3097 1430 3392 1534 redegi,

305 1573 520 1655 quam
558 1547 703 1650 ipfi
754 1551 1158 1649 opinionem
1265 1543 1509 1623 abeam
1532 1597 1559 1637 ,
1618 1545 2060 1648 explicarem
2078 1597 2101 1635 ,
2153 1548 2407 1647 potius
2460 1570 2673 1650 quam
2701 1544 3158 1641 sententiam
3207 1545 3394 1642 ser-

309 1689 467 1742 rem
489 1690 526 1758 ,·
584 1689 795 1767 eoque
836 1668 1016 1740 item
1039 1662 1243 1767 pano
1266 1664 1497 1767 pqffet
1536 1661 1702 1740 vide
1711 1666 1786 1739 ri
1813 1713 1839 1753 ‚
1899 1663 2135 1767 qualis
2185 1659 2398 1739 Plato
2432 1661 2574 1764 ipst’
2585 1660 2848 1755 fuerit
2860 1713 2887 1753 ,
2947 1690 2995 1738 a
3045 1688 3184 1767 quo
3239 1679 3395 1742 tam
3525 1753 3534 1760 „

308 1805 590 1884 magna
633 1776 969 1857 dieiionis
1025 1794 1196 1856 orta
1237 1783 1331 1873 est
1382 1780 1645 1876 occasto
1660 1831 1684 1869 ,
1744 1782 1874 1884 qui
1903 1778 2190 1884 quidem
2238 1804 2286 1852 a
2343 1777 2794 1882 graviffi'mis
2814 1830 2841 1869 ‚
2898 1794 3114 1882 atque
3151 1778 3397 1857 erudi-

300 1895 596 1996 ttffi'mis
629 1875 1072 1999 Philosophis
1112 1892 1402 1973 habitus
1437 1898 1530 1992 est
1583 1900 1834 1973 verius
1878 1910 2025 1996 pro
2083 1893 2373 1970 oraculo
2400 1942 2428 1984 ,
2483 1921 2572 1971 ne
2621 1892 2859 1978 dicam
2918 1893 3079 1972 Deo
3097 1947 3121 1986 ,
3181 1920 3397 2000 quam

293 2031 441 2118 pro
475 2016 843 2117 magistro.
962 2011 1084 2089 De
1123 2011 1439 2088 Alcinoo
1485 2035 1755 2116 quoque
1803 2009 2085 2105 causam
2131 2007 2464 2088 adderem
2479 2062 2504 2101 ,
2529 2075 2536 2082 .
2561 2036 2787 2116 quare
2845 2011 3047 2088 inum
3081 2009 3395 2115 Apuleji

306 2130 540 2224 nostri
580 2127 948 2230 opusculis
975 2127 1478 2226 annexuiffem.
1601 2126 1864 2203 Paucis
1903 2151 2079 2232 ergo
2129 2123 2436 2202 audiant
2450 2176 2476 2216 ‚
2535 2150 2942 2231 mecumque
2981 2130 3394 2234 intelligere

291 2241 636 2340 studeant
649 2293 678 2336 ,
735 2245 1045 2348 Apuleii
1077 2243 1449 2323 Platonici
1470 2235 1794 2341 studiost.
1918 2240 2287 2321 Lucianus
2343 2242 2463 2318 iae
2529 2240 2753 2346 Syrus
2768 2293 2794 2334 ,
2856 2243 3246 2347 argutulus
3308 2249 3390 2322 in

295 2364 574 2465 primis
605 2412 632 2452 ,
692 2376 908 2465 atque
964 2360 1287 2466 elegans,
1348 2359 1475 2438 vel
1524 2356 1879 2463 Soph‘ista,
1941 2359 2072 2437 vel
2136 2354 2631 2460 Philosophus,
2694 2374 2779 2433 ut
2834 2384 3070 2436 omnes
3136 2358 3395 2442 Graeci

299 2475 860 2584 suffragantur,
922 2475 1231 2581 Satyrus
1272 2493 1515 2554 tamen
1568 2474 1861 2581 quidam
1919 2480 2001 2553 in
2061 2470 2556 2578 Philosophos,
2616 2474 2774 2573 lusu
2822 2479 3071 2552 verius
3094 2527 3119 2567 ,
3179 2501 3393 2580 quam

311 2594 672 2672 calumnia
689 2647 713 2685 ,
772 2594 1004 2671 multa
1020 2591 1363 2690 scribens
1393 2618 1555 2671 cum
1581 2596 1890 2698 gratia,
1947 2595 2227 2669 nemini
2262 2586 2845 2695 Philosophorum
2867 2597 3202 2694 pepercit
3238 2620 3389 2673 om·

310 2713 511 2786 nino.
629 2710 784 2786 Hic
812 2708 1177 2786 Lucienus
1211 2711 1517 2806 Asinum
1552 2713 1757 2786 inter
1787 2724 2054 2786 catera
2096 2733 2393 2785 aureum
2436 2708 2607 2821 lustt
2628 2760 2654 2799 ,
2691 2707 2916 2814 seque
2950 2713 3030 2784 in
3049 2734 3229 2799 eum
3243 2696 3420 2803 fin-⁶

308 2828 444 2905 xit
479 2822 603 2922 effe
635 2840 1156 2901 commutatum
1176 2852 1203 2899 .·
1261 2819 1469 2915 cuius
1504 2829 1618 2901 rei
1643 2827 1854 2901 varie
1889 2822 2228 2901 traditur
2258 2839 2809 2928 argumentum,
2867 2823 3062 2928 quod
3091 2844 3233 2902 non
3290 2831 3387 2923 est

311 2935 528 3038 hujus
562 2939 935 3031 ditiionis,
1000 2940 1095 3019 &³
1128 2944 1475 3044 temporis
1506 2941 1897 3043 explicare.
2019 2940 2242 3018 Hunc
2274 2936 2581 3037 Asinum
2609 2944 2844 3037 nost'er
2879 2939 3149 3017 Lucius
3183 2968 3389 3037 amu,-

312 3058 643 3147 laturus,
703 3059 989 3162 ingenii
1027 3057 1350 3163 alioquin
1388 3052 1903 3147 exuberantis,
1965 3055 2063 3134 ἐφ’
2078 3106 2105 3147 ,
2165 3073 2254 3133 ut
2311 3055 2514 3154 Afer
2532 3108 2556 3147 ‚
2611 3061 3006 3148 acerrimi,
3063 3053 3386 3156 Philoso-

297 3169 490 3280 phus
534 3178 849 3251 omnium
883 3175 1079 3250 iuius
1115 3178 1259 3252 avi
1273 3170 1813 3272 ficbtilzffi'mus,
1855 3171 2048 3270 sest
2100 3171 2290 3250 dicit
2314 3172 2645 3271 sciendi,
2705 3189 2920 3278 atque
2968 3174 3390 3275 experiendi

315 3289 672 3388 incensum
724 3289 1132 3395 cupiditate
1164 3341 1192 3381 ,
1253 3305 1410 3366 tum
1467 3307 1842 3368 terrarum
1884 3291 2072 3381 alio,
2134 3306 2292 3369 tum
2346 3294 2425 3367 in
2495 3285 2913 3389 Theffitliam
2966 3290 3091 3386 ff'
3134 3292 3395 3405 profes
3533 3288 3538 3293 ’

315 3408 500 3482 iJum
518 3433 553 3500 ‚-
613 3410 901 3510 isticque
939 3405 1132 3510 apud
1157 3408 1550 3513 Magarum
1574 3411 2007 3497 maximam,
2064 3405 2342 3512 quando
2374 3406 2658 3509 quidem
2680 3434 2763 3483 ea
2796 3410 3200 3509 tempestate
3222 3433 3382 3484 mu·

309 3523 529 3604 lieres
582 3518 906 3618 Thffzlae
945 3528 1244 3628 magica
1266 3523 1709 3626 pottffi'mum
1714 3517 2056 3620 sciebant
2105 3522 2639 3620 diversitatem,
2698 3519 2894 3600 haud
2930 3519 3236 3625 optabili
3269 3550 3391 3617 oe-

312 3641 628 3739 casione,
688 3638 855 3716 dum
890 3642 973 3717 in
1014 3666 1220 3716 avem
1270 3639 1648 3736 affec‘iaret
1710 3642 1975 3730 verti,
2011 3636 2106 3734 fi
2159 3637 2238 3738 se
2281 3643 2363 3715 in
2420 3640 2725 3737 Afinum
2787 3640 2910 3737 effe
2951 3639 3391 3743 figuratum.
3433 3682 3448 3697 1

322 3755 490 3865 Qa
523 3754 608 3831 de
642 3757 1094 3852 conversione
1128 3755 1376 3863 Divus
1408 3759 1862 3864 Augustinus
1908 3758 2145 3851 noller
2187 3759 2267 3833 in
2304 3756 2844 3859 praeclartffi'mo
2897 3753 2994 3831 de*
3057 3754 3392 3835 Civitate

316 3870 470 3951 Dei
514 3873 782 3977 Opere,
843 3872 1026 3979 quid
1050 3878 1429 3977 opinetur,
1466 3871 1847 3976 ‘expreffi'a
1965 3874 2059 3951 In
2114 3891 2413 3976 corpore
2470 3888 2709 3949 tamen
2770 3872 3039 3970 asinino
3083 3889 3391 3953 mentem

294 3981 771 4087 ‚hominis-sui
799 3995 914 4066 ait
943 3989 1021 4083 fe
1065 3990 1432 4086 retinutffi'·
1448 4043 1472 4080 ,
1532 4006 1748 4094 atque
1805 3993 1921 4066 ita
1956 3985 2104 4086 fieb
2149 3990 2375 4086 Asino
2442 3989 2862 4067 latitantem
2918 3989 3148 4066 multa
3199 4014 3393 4066 com·
3517 4054 3526 4059 .

319 4101 713 4198 moditate,
776 4105 1111 4198 difficilia
1158 4107 1481 4212 alioquin
1528 4109 1874 4213 cognitu,
1936 4103 2279 4202 didiciffe.
2409 4104 2682 4183 Verum
2702 4094 3144 4210 priusquam*
3171 4107 3396 4205 Astno

316 4222 674 4314 vestiatur
688 4271 714 4310 ,
752 4221 1066 4341 sahenas
1100 4223 1453 4317 mirificas
1484 4222 1579 4301 ad
1618 4248 1769 4300 rem
1787 4226 2247 4327 pertinentes
2278 4220 2596 4298 inducit<
2709 4220 2938 4320 Astno
2957 4222 3217 4301 exinde
3233 4250 3394 4302 con-

316 4351 615 4433 textus,
674 4340 756 4437 in
818 4339 1284 4442 arumnosas,
1344 4367 1432 4423 ac
1480 4339 1937 4451 multifitrias
2007 4337 2283 4416 incidit
2349 4338 2846 4451 calamitates,
2906 4362 3081 4448 quas
3109 4338 3393 4439 festiva

1990 4446 2075 4536 D
2110 4449 2167 4537 d
2229 4477 2272 4564 3
3082 4452 3389 4537 diiiione
