4042 5100
864 367 955 450 L.
1028 367 1722 474 APuLEJus,
1782 374 1938 452 ET
2006 347 2725 457 ALcmous.
3198 400 3343 476 αις

1709 503 1908 520 —

256 565 840 669 recognitionum
889 539 1182 658 munere
1193 562 1609 663 pauxiuum
1636 564 1942 666 quivero
1981 560 2341 666 respirare
2355 613 2380 654 ‚
2441 569 2726 640 animus
2778 568 2871 660 est
2914 562 3101 643 mihi
3123 617 3150 658 ,
3218 594 3349 644 ru·

256 677 505 769 dibus,
565 649 1143 782 inexpertisque‚
1207 676 1306 758 ἔθ’
1358 677 1752 756 literarum
1800 682 2174 781 tyrocinia
2248 679 2547 787 ingredi
2602 680 3121 783 incipientibus
3139 734 3162 774 ‚
3216 684 3350 761 ali-

252 796 442 906 quid
447 793 798 893 scribere
919 795 1139 871 Nunc
1168 789 1317 872 bac
1355 793 1525 897 ipfii
1548 792 2003 885 emendandi,
2067 812 2160 872 ut
2185 822 2315 901 ego
2333 811 2561 899 puto,
2621 798 2981 897 necfftas
2997 851 3023 891 ,
3086 815 3172 875 ut
3185 803 3342 905 qui·

252 912 548 993 busdam
565 912 662 1010 fo
671 911 884 1010 rtaffe
936 910 1282 1012 videatur
1293 911 1735 1018 fimplicitas
1753 961 1780 1001 ‚
1841 936 1932 988 ne
1973 910 2300 989 dixerim
2350 919 2729 990 temeritas
2746 964 2773 1004 ‚
2835 932 3073 993 totum
3111 942 3223 993 me
3233 918 3350 1015 st-

84 1081 101 1128 ,
258 1027 342 1110 bi
368 1029 706 1109 vindicat
720 1078 747 1120 ‚
812 1022 1139 1126 absorbet
1152 1075 1182 1118 ,
1245 1027 1338 1105 89·
1375 1025 1744 1133 abligurit
1757 1080 1784 1121 ‚
1843 1044 1932 1105 ut
1965 1032 2110 1106 vix
2141 1028 2514 1123 reficiendi
2542 1033 2951 1133 corpusculi
2971 1030 3156 1111 mibi
3178 1049 3354 1113 tem·

80 1288 98 1366 ἰ

80 1559 96 1607 Ι

80 1676 90 1725 Ι

80 1797 96 1846 Ι

80 1918 87 1963 ῐ

81 2035 96 2085 Ι

80 2631 92 2684 Ι

80 2722 90 2801 b

81 2846 90 2925 Ι
160 2870 165 2875 ,

81 2990 88 3041 f

80 3101 86 3156 Ι

80 3227 86 3276 Ι

243 1167 391 1254 pus
440 1145 770 1224 idoneum
790 1143 1100 1250 superet
1112 1196 1141 1236 ‚
1196 1139 1395 1249 quod
1403 1143 1644 1241 factlt
1698 1162 1915 1247 opera
1936 1140 2341 1249 perspiciet
2356 1198 2382 1239 ,
2443 1151 2768 1252 quisquis
2799 1147 3085 1230 videbit
3106 1201 3135 1244 ,
3194 1178 3353 1257 qua

256 1267 487 1360 nostri
535 1262 988 1366 Imprffares
1029 1260 1476 1368 preelegente
1520 1285 1632 1338 me
1687 1260 2118 1352 effinxerint
2131 1311 2158 1355 ,
2238 1261 2729 1400 effinguntque·
2762 1264 3039 1365 affidue.
3167 1267 3356 1376 Qua

255 1380 543 1488 guidem
559 1430 586 1472 ‚
652 1378 781 1456 vel
799 1396 1242 1483 percurrere
1256 1429 1282 1469 ‚
1343 1403 1437 1455 ne
1474 1376 1663 1454 dum
1679 1382 2042 1455 attentius
2083 1379 2629 1485 recognoscere,
2695 1386 2777 1459 in
2811 1387 3049 1460 tantis
3087 1401 3354 1488 tempo-

128 1519 139 1526 ·
261 1524 428 1589 rum
478 1499 871 1601 angustiis,
947 1499 1280 1599 curisque
1326 1491 1888 1598 multiplicibus,
1968 1500 2084 1572 rei
2135 1499 2357 1573 etiam
2384 1497 2857 1593 familiaris,
2923 1501 3019 1580 ἐφ’
3061 1500 3358 1603 insuper

260 1613 875 1714 exemplariorum
893 1611 1386 1715 perverfitate
1400 1662 1432 1740 ’.
1490 1610 1799 1688 arduum
1833 1609 2210 1690 admodum
2225 1613 2471 1708 fhret.
2593 1614 2816 1723 Qod
2825 1615 3032 1709 Deo
3085 1618 3179 1696 θ’
3221 1617 3348 1711 Te,

263 1724 609 1810 PATER
635 1721 1253 1807 BEAT-ISSIME
1270 1778 1298 1820 ,
1359 1725 1515 1831 ejus
1556 1730 1862 1808 Vicario
1894 1727 2328 1830 SanHiffimo
2363 1734 2573 1826 teste,
2626 1731 2783 1809 ideo
2827 1732 3015 1823 dico,
3035 1750 3125 1810 ut
3153 1761 3347 1872 aequo

262 1850 506 1932 animo
546 1849 944 1949 patiantur
998 1870 1503 1952 nonnunquam
1550 1846 1863 1953 legentes
1888 1895 1914 1935 ‚
1955 1846 2042 1945 st
2066 1873 2220 1951 qua·
2270 1850 2697 1925 invenerint
2728 1847 2829 1926 ad
2860 1875 3167 1954 unguem
3208 1855 3352 1927 mi-

260 1989 422 2057 nus,
482 1989 570 2041 ac
622 1958 993 2040 rubricam
1013 2014 1042 2054 ‚
1104 1962 1200 2043 ἐφ’
1231 1963 1580 2066 Ραηὶἷιιω
1628 1964 1985 2068 castigata
1999 2013 2027 2054 ‚
2086 1981 2304 2067 atque
2355 1961 2754 2068 descripta,
2820 1966 2915 2045 89⁵*
2953 1986 3064 2043 me
3108 1983 3351 2045 tamen

264 2107 409 2161 non
444 2095 722 2183 putent
772 2073 889 2156 bis
936 2073 1183 2154 verbis
1231 2079 1512 2181 cuspam
1572 2077 1974 2181 deprecari.
2097 2079 2294 2188 Qis
2327 2084 2517 2156 enim
2563 2079 2828 2160 audeat
2849 2131 2883 2174 ‚
2922 2081 3231 2186 poffi'tve
3271 2088 3355 2161 in

269 2211 389 2275 tot
400 2247 429 2290 ,
491 2212 777 2300 tamque
809 2193 1249 2294 confragosis
1286 2193 1560 2271 mendis
1575 2243 1600 2286 ,
1666 2210 1821 2271 tam
1845 2197 2114 2297 pravis
2145 2192 2744 2299 descriptionibus
2757 2247 2784 2288 ‚
2847 2214 3000 2275 tam
3036 2226 3208 2276 raro
3238 2200 3349 2278 le-

269 2316 402 2396 uis
448 2309 894 2390 AuHoribus
939 2335 1179 2388 omnes
1230 2309 1518 2389 mendas
1535 2310 1846 2415 sperare
1853 2309 1946 2408 fi
1987 2309 2444 2416 dempturum
2479 2313 2519 2390 ,ἓ
2575 2311 2684 2391 Et
2718 2328 2806 2391 ut
2834 2313 3030 2421 quod
3069 2333 3356 2393 certum

267 2432 375 2530 ιβ’
414 2429 696 2521 dicam,
754 2427 1259 2564 Imprefforum
1308 2455 1581 2533 quoque
1627 2432 2034 2523 nostrorum
2084 2433 2447 2531 operarii,
2509 2433 2868 2507 nonnullis
2922 2433 3006 2508 in
3050 2432 3230 2510 locis
3260 2428 3352 2510 ab

267 2543 797 2654 exemplaribus
828 2549 1005 2622 meis
1028 2545 1485 2649 aliquantum
1514 2538 1869 2622 aberrant
1890 2594 1918 2636 ,
1978 2543 2174 2649 quod
2206 2546 2435 2623 aliter
2465 2563 2664 2625 certe
2681 2546 2865 2639 fier
2834 2578 2863 2624 i
2895 2552 2990 2644 est
3015 2548 3350 2652 perdiffi-
3407 2622 3411 2629 .

268 2666 434 2745 cile.
553 2664 639 2741 Si
702 2680 943 2740 tamen
1001 2661 1205 2739 Deus
1260 2659 1544 2757 dederit
1597 2657 1784 2738 mibi
1834 2678 2131 2738 tuarum
2183 2664 2538 2757 castarum
2569 2682 2876 2767 precum
2900 2715 2930 2758 ,
3011 2660 3357 2747 PATER

269 2776 933 2867 BEATISSIME,
996 2781 1304 2867 merito,
1362 2793 1449 2852 ut
1480 2778 1805 2880 alioquin
1847 2777 1925 2853 C.
1960 2762 2287 2855 Plinium
2316 2776 2821 2869 difficiBimum
2875 2783 3079 2857 iHum
3122 2788 3359 2859 omni-

273 2921 397 2975 um
413 2945 441 2987 ,
499 2899 627 3001 qui
658 2893 1163 2998 scripserunt,
1208 2909 1528 3007 propter
1572 2890 1862 2970 mendas
1903 2888 2318 2969 Authorem
2335 2943 2361 2984 ‚
2416 2920 2622 2998 quem
2656 2900 2735 2973 in
2765 2897 3166 2999 prasentia
3199 2925 3362 2977 cum

272 3038 425 3092 meo
499 3007 864 3089 Theodoro
922 3009 1137 3089 Gaza
1191 3008 1664 3111 eruditiffi'mo
1722 3014 1802 3086 in
1854 3005 2186 3087 manibus
2245 3026 2447 3086 teneo
2470 3060 2497 3100 ,
2558 3012 2686 3089 vel
2714 3011 3185 3091 mediocriter
3245 3013 3364 3091 ab·

234 3130 545 3235 solvam
571 3177 598 3220 ‚
667 3127 1117 3232 propositum
1164 3129 1260 3220 est
1302 3131 1384 3203 in
1433 3130 1787 3204 notitiam
1819 3126 2051 3222 ftrre
2083 3177 2110 3217 ‚
2207 3132 2360 3203 tam
2416 3125 2655 3205 Plinii
2701 3130 2844 3232 ips
2837 3155 2918 3206 us
2972 3134 3353 3224 nonnuHa.‚
3371 3116 3378 3121 ⁵

271 3268 486 3356 quam
564 3242 876 3349 Apuleji
923 3296 950 3336 ‚
1074 3243 1169 3322 89⁵*
1246 3237 1597 3346 ejusmodi
1677 3243 2127 3348 reliquorum
2214 3243 2663 3348 quorundam
2751 3243 2977 3323 verba
3073 3246 3359 3345 defieeta

278 3392 374 3442 ex
413 3363 867 3469 fragmentis
910 3368 1242 3441 veterum
1292 3359 1794 3464 Scriptorum,
1854 3386 2010 3464 qua
2057 3357 2353 3451 licebit,
2418 3361 2808 3467 colligendo
2829 3414 2855 3456 ,
2919 3370 3357 3442 recentiori·

274 3476 405 3559 bus
457 3484 680 3555 etiam
720 3481 981 3573 nostris
1022 3472 1417 3578 adjunbi'is,
1456 3480 1707 3554 amico
1715 3503 2008 3581 rumque
2057 3475 2367 3580 undique
2401 3470 2834 3582 imploratis
2854 3482 3165 3558 auxiliis
3183 3532 3208 3573 ,
3267 3497 3356 3558 ut

275 3593 485 3676 bodie
512 3609 714 3675 certe
748 3616 1001 3673 manca
1038 3594 1381 3672 latinitas
1421 3597 1502 3671 in
1533 3590 1921 3672 verborum
1954 3590 2104 3689 def
2096 3609 2340 3669 torum
2362 3612 2591 3698 prope
2631 3597 3117 3700 explicatione
3132 3647 3157 3688 ‚
3183 3599 3362 3701 plus

274 3712 811 3820 aliquantulum
852 3708 1109 3790 habeat
1158 3708 1588 3813 adjumenti.
1712 3708 1853 3787 Sed
1881 3705 1997 3787 bis
2027 3709 2241 3827 miffi's
2291 3706 2390 3787 ad
2425 3711 2732 3789 Lucium
2766 3716 3080 3810 nostrum
3125 3715 3368 3791 redea-

276 3856 455 3911 musa
572 3825 1222 3931 Metamorpbofin‚
1284 3832 1403 3903 uti
1423 3826 1971 3930 pradiximus‚
2037 3853 2249 3932 quam
2283 3825 2634 3904 Fabulam
2672 3829 2816 3931 ipse
2856 3830 3361 3908 Graecanicam

276 3951 618 4075 appeunt,
689 3972 832 4025 non
868 3951 1231 4049 interpres
1266 3941 1628 4047 Apulq'us
1652 3993 1677 4036 ,
1728 3942 1862 4039 led
1880 3945 2264 4023 emulator
2267 3943 2547 4047 scrzps
2538 3960 2598 4021 t
2717 3941 2846 4022 Ab
2891 3972 2974 4022 ea
3013 3973 3181 4051 ego,
3242 3953 3363 4027 uti

279 4093 327 4141 a
368 4061 675 4165 majoris
733 4085 962 4169 opera
1021 4059 1297 4153 libello,
1354 4065 1656 4138 initium
1684 4061 1877 4157 feci.
2004 4060 2403 4139 Secundum
2456 4060 2689 4138 locum
2735 4058 3067 4139 obtinent
3113 4066 3173 4138 I
3159 4064 3366 4141 lori-

268 4179 536 4259 -dorum
570 4198 884 4285 quatuor
921 4177 1185 4270 libelli,
1243 4205 1466 4283 neque
1504 4182 1696 4255 enim
1727 4173 1860 4256 hoc
1897 4195 2215 4283 tempore
2236 4177 2487 4278 plures
2509 4183 2729 4279 potui
2756 4176 3124 4283 diligenti
3120 4209 3144 4254 ι
3186 4182 3364 4287 mul·

281 4315 365 4376 ta
409 4295 741 4381 adhibita
788 4298 1143 4402 indipisci.
1266 4296 1382 4373 Ea
1433 4300 1962 4398 nuncupatione
2017 4300 2285 4371 merito
2336 4292 2679 4396 inscripti
2695 4345 2722 4388 ,
2788 4295 3122 4393 flosculis
3175 4302 3370 4376 enim

280 4416 381 4502 85*
412 4414 909 4505 odoramentis
922 4416 1280 4505 -doffriua
1319 4420 1553 4499 omis
1576 4417 1663 4507 in
1703 4414 1853 4503 ἄιε
1892 4417 2135 4497 oratio
2180 4410 2504 4520 inspersit
2540 4415 2661 4512 est
2779 4412 2972 4499 Sunt
3014 4419 3388 4618 ‘'¹fmlv‘·;

1224 4598 1231 4607 .
1946 4533 3365 4613 --uti
