4042 5100
688 358 829 445 184
1662 347 2194 432 tumus
2261 345 2758 454 Masona·
2891 289 2900 294 ’
3001 413 3010 420 .
3157 319 3170 332 ’
3423 459 3522 470 .-
3765 467 3793 480 ς

672 527 973 622 debere
995 524 1349 633 Plinium.
1465 533 1774 618 Contra
1805 532 2332 618 Harduiniana
2367 535 2635 619 Editio
2680 531 2852 618 finos
2883 539 2964 619 ἀ
3001 511 3158 649 ipsa
3190 539 3408 622 nacta
3443 537 3550 621 est
3582 562 3798 636 cen-

512 637 564 672 ”
671 642 886 731 sores
908 699 938 744 ‚
995 672 1150 761 qua
1182 647 1286 736 de
1334 649 1421 737 r'e
1458 648 1842 737 Fabricius
1874 645 2074 736 Bibl.
2105 652 2288 735 Lat»
2316 650 2452 734 ubi
2494 650 2599 736 de
2635 643 2914 736 Plinio.

844 929 851 936 ,
957 857 1312 948 Tandem
1337 871 1376 966 (
1391 886 1477 950 ut
1504 862 1610 950 de
1643 859 1802 948 h'oc
1823 867 2056 950 etiam
2079 864 2488 950 Lestorem
2520 872 2934 965 moneam)
2966 863 3421 954 adnotatum
3447 863 3549 951 ab
3566 870 3786 953 Har-

671 972 921 1062 'duino
956 980 1265 1092 reperio
1309 982 1393 1064 in
1426 1006 1521 1065 ea
1565 976 1864 1066 Praefat.
1914 985 2256 1067 civitates
2298 979 2491 1093 ipsas
2536 977 3070 1078 nobiliffimas,
3128 979 3593 1068 Brixiensem
3621 988 3792 1087 Jo-

671 1095 856 1176 anni
911 1092 1254 1180 Taberio
1313 1123 1524 1182 anno
1577 1098 1953 1184 MCVm.
1995 1091 2670 1184 Salmanticensem
2707 1099 3116 1212 Pindum),
3174 1093 3272 1182 ali
3413 1125 3513 1185 ue
3559 1096 3788 1198 aliisi

671 1202 903 1294 Plinii
939 1212 1021 1294 in
1063 1208 1384 1325 publico
1430 1209 1857 1323 Gymnasm
1908 1213 2465 1414 interpretanpi
2514 1216 2992 1325 provinciam
3050 1217 3265 1328 impo
3353 1220 3366 1233 ’
3429 1241 3520 1311 e,
3578 1211 3790 1302 sala·
3955 1287 3956 1330 s

576 1335 599 1348 ‘
673 1326 797 1408 rio
830 1326 1250 1411 etiamnum
1311 1322 1707 1438 largissime
1754 1354 1853 1415 ex
1920 1334 2185 1416 aeratio
2248 1356 2387 1443 per
2417 1323 2666 1417 oluto.
2782 1331 2913 1413 De
2957 1328 3351 1416 cathedra
3402 1329 3784 1417 Brixienfi

668 1440 964 1542 *Joanni
994 1443 1376 1541 Taberi0,
1436 1442 1881 1558 posthabito
1913 1439 2300 1555 Raphaele
2351 1447 2645 1556 Regio,
2709 1440 2990 1530 collata
3036 1441 3423 1532 attulimus
3477 1444 3616 1559 ipfi
3685 1439 3784 1536 iri

670 1556 943 1641 testem
979 1555 1083 1641 de
1121 1562 1326 1644 Brix.
1364 1561 1677 1646 Literat.
1711 1565 1802 1646 P.
1846 1562 1903 1643 Ι.
1937 1585 2114 1674 pag.
2162 1584 2350 1665 104.
2402 1594 2406 1598 ·
2467 1565 2850 1648 Marinum
2895 1559 3444 1647 Becichemum
3477 1565 3558 1646 in
3577 1566 3782 1647 Prae·

669 1666 848 1756 leet.
881 1672 981 1757 a'd
1017 1670 1216 1759 Plin.
1258 1699 1337 1760 at
1377 1702 1546 1762 eam
1583 1676 2056 1764 Cathedram
2100 1679 2202 1762 ad
2271 1672 2601 1764 Plinium
2652 1681 3314 1792 interpretandum
3353 1677 3781 1782 institutam

669 1781 892 1874 fuiffe
907 1844 936 1886 ,
997 1816 1479 1908 compertum
1509 1794 1828 1880 minime
1859 1788 2042 1879 facit
2086 1795 2610 1882 BecichcmuS.
3707 1805 3726 1814 “

680 1995 2281 2212 *aemaffleffl*
2305 2097 2369 2119 --
2798 2085 2815 2103 --
2931 2005 2942 2018 ’
3027 2096 3063 2127 .-
3863 2065 3874 2076 ·

668 2310 873 2446 Μ.
1018 2220 1837 2478 mnfusj
1961 2308 3583 2491 QUINTILIANU
3641 2315 3784 2452 s.·

1999 2597 2089 2730 §.
2166 2596 2476 2707 xvn.

854 2872 1215 2936 omanam
1250 2847 1715 2963 Quintiliani
1757 2853 2318 2939 Institutionum
2354 2850 2802 2937 Editionem
2838 2847 2938 2934 ab
2978 2844 3351 2938 Alerienfi
3397 2872 3784 2953 curatam,

912 2967 1498 3085 PAULOQJE
1564 2970 1660 3065 11,
1738 2991 2293 3082 nuncupatam,
2354 2996 2520 3054 non
2578 2970 2925 3057 omnium
2977 2971 3405 3082 principem
3468 2967 3790 3056 haben·

673 3084 855 3171 dam
898 3079 1087 3180 effe,
1146 3089 1356 3170 τεᾶε
1396 3108 1672 3172 monet
1701 3084 2079 3171 Fabricius
2119 3089 2203 3170 in
2232 3080 2434 3169 Bibl.
2465 3084 2630 3168 Lat.
2670 3081 2805 3168 ubi
2835 3081 2939 3168 de
2976 3081 3305 3186 Quintil.
3330 3109 3786 3200 quumeam

678 3196 828 3284 alia
876 3193 1321 3312 praecesserit
1339 3200 1545 3313 apud
1588 3196 1931 3287 Ulricum
1989 3196 2298 3287 Gallum
2350 3226 2561 3293 anno
2625 3229 2658 3283 1
2678 3207 2865 3301 468.
2922 3200 3293 3288 adornata
3322 3255 3352 3296 ‚
3407 3202 3782 3317 hancque

250 3288 257 3299 ’
392 3388 399 3395 ,
554 3298 595 3411 ’,
676 3311 1032 3403 observat
1065 3319 1143 3399 in
1182 3311 1611 3403 Annalibus
1648 3319 2149 3432 Typograph.
2202 3311 2666 3403 Michaelem
2741 3318 3126 3401 Maittaire
3169 3311 3518 3403 omifiss'e.
3591 3317 3786 3404 -An

676 3429 1066 3518 Fabricius
1099 3428 1337 3518 Ulrici
1379 3435 1825 3520 Editionem
1856 3435 1987 3520 ob
2021 3427 2295 3521 oculos
2339 3430 2727 3528 habuerit,
2788 3459 2883 3515 an
2916 3427 3148 3544 ipsam
3177 3428 3774 3519 alicubiexstare

681 3571 902 3633 certo
936 3553 1444 3661 compererit,
1505 3556 1831 3665 ignorm
1893 3578 2040 3638 nec
2087 3553 2294 3637 enim
2330 3546 2522 3636 alios
2581 3546 2766 3633 dieti
2810 3543 2912 3633 sui
2963 3548 3187 3633 testes
3252 3543 3568 3656 allegat,
3630 3547 3775 3636 nifi

682 3664 1097 3752 Historiam
1147 3669 1707 3865 Typogtaphiae
1746 3694 1955 3753 anno
2031 3676 2265 3766 1689.
2382 3656 2688 3783 Gallico
2728 3662 3077 3750 sermone
3151 3663 3443 3750 Parisiis
3499 3661 3774 3772 vulga-

684 3805 888 3879 tam,
949 3785 1030 3866 &
1070 3806 1209 3893 pet
1245 3808 1291 3867 e
1322 3807 1674 3887 egantem
1707 3783 2092 3896 Campani
2126 3777 2706 3878 praefationem,
2768 3803 2925 3895 qua
2962 3776 3521 3881 Quintilianum
3567 3807 3774 3868 con-

679 3894 1039 3998 fertcum
1073 3899 1492 3984 Cicerone.
1590 3900 1811 3984 Non
1853 3927 2027 3986 eum
2058 3924 2340 3984 annum
2382 3907 2615 4005 1468.
2662 3895 2793 3981 sed
2823 3920 3104 3983 annum
3147 3918 3390 4007 ¹470·
3505 3900 3776 4015 Quin-

682 4009 928 4099 tiliani
964 4015 1572 4102 Institutionibus
1613 4016 1880 4101 Romae
1917 4044 2092 4102 cum
2127 4013 2575 4100 Ptaefatione
2610 4016 2992 4125 Campani
3025 4012 3430 4128 publicatis
3459 4011 3774 4120 affignat

688 4124 1129 4229 orlandus,
1182 4153 1609 4247 monetque
1632 4155 1990 4248 praeterea
2030 4138 2110 4219 in
2143 4128 2340 4217 illius
2376 4130 2759 4215 Editionis
2792 4125 3002 4213 calce
3033 4134 3530 4219 hanc-notam
3567 4128 3722 4236 legi
3743 4167 3770 4216 ε

690 4248 1095 4347 Absolutus
1126 4253 1366 4357 Roma·
1400 4258 1482 4333 in
1532 4261 1662 4332 via
1688 4252 1901 4358 Papa
1926 4274 2159 4362 prope
2192 4253 2265 4332 S.
2307 4253 2649 4331 Marcum
2673 4277 2858 4329 anno
2870 4250 3154 4350 fitlutis
3170 4251 3401 4331 MCC
3395 4251 3526 4332 CC
3520 4251 3769 4333 LXX.

674 4367 807 4465 die
843 4395 1020 4453 vero
1055 4374 1292 4450 tertia
1346 4371 1596 4489 usensis
1644 4374 1967 4480 Augusti
2027 4366 2389 4456 PAULO
2439 4365 2891 4455 VENETO
2954 4361 3225 4452 PAPA
3289 4366 3391 4453 11.
3441 4370 3776 4481 florente

2667 4552 2676 4562 .
2815 4528 2820 4533 -
3577 4511 3782 4571 anne
