<?xml version="1.0" encoding="UTF-8"?>
<!DOCTYPE html PUBLIC "-//W3C//DTD XHTML 1.0 Transitional//EN"
    "http://www.w3.org/TR/xhtml1/DTD/xhtml1-transitional.dtd">
<html xmlns="http://www.w3.org/1999/xhtml" xml:lang="en" lang="en">
 <head>
  <title>
</title>
<meta http-equiv="Content-Type" content="text/html;charset=utf-8" />
  <meta name='ocr-system' content='tesseract 3.04.00' />
  <meta name='ocr-capabilities' content='ocr_page ocr_carea ocr_par ocr_line ocrx_word'/>
</head>
<body>
  <div class='ocr_page' id='page_1' title='image "angelimaricardq00schegoog_0139.png"; bbox 0 0 4042 5100; ppageno 0'>
   <div class='ocr_carea' id='block_1_1' title="bbox 1345 342 3468 465">
    <p class='ocr_par' dir='ltr' id='par_1_1' title="bbox 1345 342 3468 465">
     <span class='ocr_line' id='line_1_1' title="bbox 1345 342 3468 465; baseline 0.002 -41"><span class='ocrx_word' id='word_1_1' title='bbox 1345 346 1421 424; x_wconf 78' lang='lat'><em>8.</em></span> <span class='ocrx_word' id='word_1_2' title='bbox 1467 342 2368 465; x_wconf 74' lang='lat' dir='ltr'><em>HIERO·N.YMus.</em></span> <span class='ocrx_word' id='word_1_3' title='bbox 3319 371 3468 450; x_wconf 84' lang='lat'><em>117</em></span> 
     </span>
    </p>
   </div>
   <div class='ocr_carea' id='block_1_2' title="bbox 354 468 3467 1922">
    <p class='ocr_par' dir='ltr' id='par_1_2' title="bbox 354 468 3467 1922">
     <span class='ocr_line' id='line_1_2' title="bbox 391 468 3467 509; baseline 0.001 -7"><span class='ocrx_word' id='word_1_4' title='bbox 391 468 3467 509; x_wconf 48' lang='lat' dir='ltr'><em>mmm</em></span> 
     </span>
     <span class='ocr_line' id='line_1_3' title="bbox 372 521 3459 645; baseline 0 -29"><span class='ocrx_word' id='word_1_5' title='bbox 372 554 883 645; x_wconf 71' lang='lat' dir='ltr'><em>procuramus.</em></span> <span class='ocrx_word' id='word_1_6' title='bbox 996 526 1224 607; x_wconf 90' lang='lat' dir='ltr'><em>Haud</em></span> <span class='ocrx_word' id='word_1_7' title='bbox 1257 534 1684 638; x_wconf 81' lang='lat' dir='ltr'><em>ignorantes</em></span> <span class='ocrx_word' id='word_1_8' title='bbox 1688 521 2176 629; x_wconf 72' lang='lat' dir='ltr'><em>studiosorum</em></span> <span class='ocrx_word' id='word_1_9' title='bbox 2193 528 2676 623; x_wconf 77' lang='lat' dir='ltr'><em>difficultates</em></span> <span class='ocrx_word' id='word_1_10' title='bbox 2690 583 2717 625; x_wconf 82' lang='lat'>‚</span> <span class='ocrx_word' id='word_1_11' title='bbox 2774 538 2904 640; x_wconf 84' lang='lat' dir='ltr'><em>qui</em></span> <span class='ocrx_word' id='word_1_12' title='bbox 2903 533 3275 639; x_wconf 73' lang='lat' dir='ltr'><em>sapiffi&#39;me</em></span> <span class='ocrx_word' id='word_1_13' title='bbox 3307 539 3459 617; x_wconf 84' lang='lat' dir='ltr'><em>oleo</em></span> 
     </span>
     <span class='ocr_line' id='line_1_4' title="bbox 388 647 3460 763; baseline 0.001 -34"><span class='ocrx_word' id='word_1_14' title='bbox 388 668 612 763; x_wconf 83' lang='lat' dir='ltr'><em>egent</em></span> <span class='ocrx_word' id='word_1_15' title='bbox 625 703 651 743; x_wconf 85' lang='lat'>‚</span> <span class='ocrx_word' id='word_1_16' title='bbox 715 649 815 729; x_wconf 80' lang='grc' dir='ltr'><em>ἔθ’</em></span> <span class='ocrx_word' id='word_1_17' title='bbox 846 647 1219 755; x_wconf 72' lang='lat' dir='ltr'><em>rigescunt</em></span> <span class='ocrx_word' id='word_1_18' title='bbox 1236 664 1547 752; x_wconf 85' lang='lat' dir='ltr'><em>propter</em></span> <span class='ocrx_word' id='word_1_19' title='bbox 1581 664 1989 725; x_wconf 79' lang='lat' dir='ltr'><em>extremam</em></span> <span class='ocrx_word' id='word_1_20' title='bbox 2028 672 2275 725; x_wconf 88' lang='lat' dir='ltr'><em>rerum</em></span> <span class='ocrx_word' id='word_1_21' title='bbox 2307 651 2624 725; x_wconf 88' lang='lat' dir='ltr'><em>omnium</em></span> <span class='ocrx_word' id='word_1_22' title='bbox 2654 666 3164 753; x_wconf 74' lang='lat' dir='ltr'><em>paupertatem</em></span> <span class='ocrx_word' id='word_1_23' title='bbox 3179 682 3207 728; x_wconf 83' lang='lat'><em>.-</em></span> <span class='ocrx_word' id='word_1_24' title='bbox 3268 653 3415 733; x_wconf 72' lang='lat' dir='ltr'><em>iuis</em></span> <span class='ocrx_word' id='word_1_25' title='bbox 3426 706 3460 748; x_wconf 85' lang='lat'>‚</span> 
     </span>
     <span class='ocr_line' id='line_1_5' title="bbox 389 758 3460 880; baseline 0 -31"><span class='ocrx_word' id='word_1_26' title='bbox 389 777 521 880; x_wconf 83' lang='lat' dir='ltr'><em>qui</em></span> <span class='ocrx_word' id='word_1_27' title='bbox 553 764 932 864; x_wconf 73' lang='lat' dir='ltr'><em>ditiusculi</em></span> <span class='ocrx_word' id='word_1_28' title='bbox 950 762 1145 863; x_wconf 77' lang='lat' dir='ltr'><em>fient</em></span> <span class='ocrx_word' id='word_1_29' title='bbox 1162 812 1190 854; x_wconf 86' lang='lat'>‚</span> <span class='ocrx_word' id='word_1_30' title='bbox 1245 758 1379 841; x_wconf 84' lang='lat' dir='ltr'><em>hoc</em></span> <span class='ocrx_word' id='word_1_31' title='bbox 1394 788 1401 795; x_wconf 84' lang='grc'><em>·</em></span> <span class='ocrx_word' id='word_1_32' title='bbox 1419 779 1620 841; x_wconf 87' lang='lat' dir='ltr'><em>certe</em></span> <span class='ocrx_word' id='word_1_33' title='bbox 1660 776 1803 842; x_wconf 77' lang='lat' dir='ltr'><em>n‘on</em></span> <span class='ocrx_word' id='word_1_34' title='bbox 1852 760 2263 842; x_wconf 83' lang='lat' dir='ltr'><em>dubitamus</em></span> <span class='ocrx_word' id='word_1_35' title='bbox 2313 769 2604 842; x_wconf 85' lang='lat' dir='ltr'><em>evenire</em></span> <span class='ocrx_word' id='word_1_36' title='bbox 2618 817 2644 857; x_wconf 83' lang='lat'><em>‚</em></span> <span class='ocrx_word' id='word_1_37' title='bbox 2708 782 2795 842; x_wconf 89' lang='lat' dir='ltr'><em>ut</em></span> <span class='ocrx_word' id='word_1_38' title='bbox 2848 769 3113 845; x_wconf 79' lang='lat' dir='ltr'><em>malint</em></span> <span class='ocrx_word' id='word_1_39' title='bbox 3147 772 3460 872; x_wconf 82' lang='lat' dir='ltr'><em>pauxil-</em></span> 
     </span>
     <span class='ocr_line' id='line_1_6' title="bbox 382 875 3459 988; baseline 0.002 -24"><span class='ocrx_word' id='word_1_40' title='bbox 382 891 544 968; x_wconf 76' lang='lat' dir='ltr'><em>lum</em></span> <span class='ocrx_word' id='word_1_41' title='bbox 584 884 905 988; x_wconf 72' lang='lat' dir='ltr'><em>pecunia</em></span> <span class='ocrx_word' id='word_1_42' title='bbox 941 898 1087 984; x_wconf 88' lang='lat' dir='ltr'><em>pro</em></span> <span class='ocrx_word' id='word_1_43' title='bbox 1154 875 1564 982; x_wconf 84' lang='lat' dir='ltr'><em>hujusmodi</em></span> <span class='ocrx_word' id='word_1_44' title='bbox 1616 876 1840 959; x_wconf 84' lang='lat' dir='ltr'><em>libris</em></span> <span class='ocrx_word' id='word_1_45' title='bbox 1887 880 2333 983; x_wconf 82' lang='lat' dir='ltr'><em>impendere,</em></span> <span class='ocrx_word' id='word_1_46' title='bbox 2388 908 2604 987; x_wconf 87' lang='lat' dir='ltr'><em>quam</em></span> <span class='ocrx_word' id='word_1_47' title='bbox 2654 883 3082 985; x_wconf 78' lang='lat' dir='ltr'><em>rependendi</em></span> <span class='ocrx_word' id='word_1_48' title='bbox 3125 888 3459 980; x_wconf 84' lang='lat' dir='ltr'><em>beneficii</em></span> 
     </span>
     <span class='ocr_line' id='line_1_7' title="bbox 388 995 3456 1108; baseline 0.001 -30"><span class='ocrx_word' id='word_1_49' title='bbox 388 1001 743 1104; x_wconf 75' lang='lat' dir='ltr'><em>obstringi</em></span> <span class='ocrx_word' id='word_1_50' title='bbox 756 1048 781 1089; x_wconf 87' lang='lat'>‚</span> <span class='ocrx_word' id='word_1_51' title='bbox 833 1000 1088 1103; x_wconf 88' lang='lat' dir='ltr'><em>gratis</em></span> <span class='ocrx_word' id='word_1_52' title='bbox 1126 995 1550 1100; x_wconf 66' lang='lat' dir='ltr'><em>accipiendo</em></span> <span class='ocrx_word' id='word_1_53' title='bbox 1572 1045 1599 1087; x_wconf 82' lang='lat'>‚</span> <span class='ocrx_word' id='word_1_54' title='bbox 1654 997 2080 1095; x_wconf 85' lang='lat' dir='ltr'><em>neceffi&#39;tate.</em></span> <span class='ocrx_word' id='word_1_55' title='bbox 2199 998 2396 1074; x_wconf 90' lang='lat' dir='ltr'><em>Nam</em></span> <span class='ocrx_word' id='word_1_56' title='bbox 2446 999 2625 1077; x_wconf 87' lang='lat' dir='ltr'><em>vilis</em></span> <span class='ocrx_word' id='word_1_57' title='bbox 2661 1002 2756 1093; x_wconf 74' lang='lat' dir='ltr'><em>est</em></span> <span class='ocrx_word' id='word_1_58' title='bbox 2777 1004 3037 1077; x_wconf 88' lang='lat' dir='ltr'><em>&#39;animi</em></span> <span class='ocrx_word' id='word_1_59' title='bbox 3047 1050 3074 1092; x_wconf 86' lang='lat'>,</span> <span class='ocrx_word' id='word_1_60' title='bbox 3129 1008 3261 1108; x_wconf 84' lang='lat' dir='ltr'><em>qui</em></span> <span class='ocrx_word' id='word_1_61' title='bbox 3287 1002 3456 1102; x_wconf 70' lang='lat' dir='ltr'><em>fist</em></span> 
     </span>
     <span class='ocr_line' id='line_1_8' title="bbox 370 1110 3462 1226; baseline 0.001 -31"><span class='ocrx_word' id='word_1_62' title='bbox 370 1123 627 1226; x_wconf 80' lang='lat' dir='ltr'><em>potius</em></span> <span class='ocrx_word' id='word_1_63' title='bbox 656 1118 847 1193; x_wconf 86' lang='lat' dir='ltr'><em>velit</em></span> <span class='ocrx_word' id='word_1_64' title='bbox 887 1111 1283 1218; x_wconf 75' lang='lat' dir='ltr'><em>digniffimi</em></span> <span class='ocrx_word' id='word_1_65' title='bbox 1319 1117 1640 1191; x_wconf 87' lang='lat' dir='ltr'><em>muneris</em></span> <span class='ocrx_word' id='word_1_66' title='bbox 1678 1113 1938 1208; x_wconf 88' lang='lat' dir='ltr'><em>fateri</em></span> <span class='ocrx_word' id='word_1_67' title='bbox 1983 1110 2417 1207; x_wconf 83' lang='lat' dir='ltr'><em>debitorem,</em></span> <span class='ocrx_word' id='word_1_68' title='bbox 2461 1141 2676 1219; x_wconf 86' lang='lat' dir='ltr'><em>quam</em></span> <span class='ocrx_word' id='word_1_69' title='bbox 2694 1164 2722 1205; x_wconf 84' lang='lat'>‚</span> <span class='ocrx_word' id='word_1_70' title='bbox 2775 1141 2935 1194; x_wconf 85' lang='lat' dir='ltr'><em>cum</em></span> <span class='ocrx_word' id='word_1_71' title='bbox 2959 1117 3180 1220; x_wconf 81' lang='lat' dir='ltr'><em>poffi&#39;t</em></span> <span class='ocrx_word' id='word_1_72' title='bbox 3194 1170 3221 1210; x_wconf 83' lang='lat'>‚</span> <span class='ocrx_word' id='word_1_73' title='bbox 3275 1120 3462 1200; x_wconf 78' lang='lat' dir='ltr'><em>iBud</em></span> 
     </span>
     <span class='ocr_line' id='line_1_9' title="bbox 385 1228 3458 1336; baseline 0 -21"><span class='ocrx_word' id='word_1_74' title='bbox 385 1240 595 1316; x_wconf 80' lang='lat' dir='ltr'><em>tenui</em></span> <span class='ocrx_word' id='word_1_75' title='bbox 623 1228 984 1335; x_wconf 73' lang='lat' dir='ltr'><em>dispendio</em></span> <span class='ocrx_word' id='word_1_76' title='bbox 1029 1228 1339 1325; x_wconf 68' lang='lat' dir='ltr'><em>differat</em></span> <span class='ocrx_word' id='word_1_77' title='bbox 1375 1232 1875 1309; x_wconf 83' lang='lat' dir='ltr'><em>commercari.</em></span> <span class='ocrx_word' id='word_1_78' title='bbox 1906 1314 1913 1321; x_wconf 57' lang='grc'><strong>,</strong></span> <span class='ocrx_word' id='word_1_79' title='bbox 1990 1229 2337 1334; x_wconf 85' lang='lat' dir='ltr'><em>Legimus</em></span> <span class='ocrx_word' id='word_1_80' title='bbox 2373 1235 2578 1308; x_wconf 89' lang='lat' dir='ltr'><em>inter</em></span> <span class='ocrx_word' id='word_1_81' title='bbox 2621 1249 2891 1310; x_wconf 78' lang='lat' dir='ltr'><em>catera</em></span> <span class='ocrx_word' id='word_1_82' title='bbox 2924 1232 3118 1336; x_wconf 89' lang='lat' dir='ltr'><em>apud</em></span> <span class='ocrx_word' id='word_1_83' title='bbox 3150 1237 3255 1313; x_wconf 85' lang='lat' dir='ltr'><em>A.</em></span> <span class='ocrx_word' id='word_1_84' title='bbox 3315 1236 3458 1317; x_wconf 82' lang='lat' dir='ltr'><em>Ge·</em></span> 
     </span>
     <span class='ocr_line' id='line_1_10' title="bbox 377 1341 3457 1451; baseline 0 -21"><span class='ocrx_word' id='word_1_85' title='bbox 377 1354 567 1436; x_wconf 84' lang='lat' dir='ltr'><em>lium</em></span> <span class='ocrx_word' id='word_1_86' title='bbox 589 1403 613 1442; x_wconf 83' lang='grc'>,</span> <span class='ocrx_word' id='word_1_87' title='bbox 665 1344 1048 1444; x_wconf 70' lang='lat' dir='ltr'><em>secundum</em></span> <span class='ocrx_word' id='word_1_88' title='bbox 1085 1362 1374 1423; x_wconf 85' lang='lat' dir='ltr'><em>tantum</em></span> <span class='ocrx_word' id='word_1_89' title='bbox 1415 1345 1777 1423; x_wconf 80' lang='lat' dir='ltr'><em>Aeneidos</em></span> <span class='ocrx_word' id='word_1_90' title='bbox 1804 1341 2078 1423; x_wconf 79' lang='lat' dir='ltr'><em>librum</em></span> <span class='ocrx_word' id='word_1_91' title='bbox 2120 1351 2201 1422; x_wconf 92' lang='lat' dir='ltr'><em>in</em></span> <span class='ocrx_word' id='word_1_92' title='bbox 2213 1349 2610 1451; x_wconf 85' lang='lat' dir='ltr'><em>figillariis</em></span> <span class='ocrx_word' id='word_1_93' title='bbox 2658 1377 2700 1423; x_wconf 79' lang='lat'><em>2</em></span> <span class='ocrx_word' id='word_1_94' title='bbox 2717 1377 2757 1425; x_wconf 91' lang='lat' dir='ltr'><em>o</em></span> <span class='ocrx_word' id='word_1_95' title='bbox 2771 1404 2790 1426; x_wconf 89' lang='lat'><strong>.</strong></span> <span class='ocrx_word' id='word_1_96' title='bbox 2830 1354 3157 1429; x_wconf 79' lang='lat' dir='ltr'><em>nummis</em></span> <span class='ocrx_word' id='word_1_97' title='bbox 3182 1359 3457 1448; x_wconf 81' lang='lat' dir='ltr'><em>aureis,</em></span> 
     </span>
     <span class='ocr_line' id='line_1_11' title="bbox 378 1450 3463 1571; baseline -0.001 -22"><span class='ocrx_word' id='word_1_98' title='bbox 378 1450 904 1549; x_wconf 75' lang='lat' dir='ltr'><em>emendationis</em></span> <span class='ocrx_word' id='word_1_99' title='bbox 931 1460 1089 1565; x_wconf 85' lang='lat' dir='ltr'><em>ejus</em></span> <span class='ocrx_word' id='word_1_100' title='bbox 1115 1467 1381 1568; x_wconf 87' lang='lat' dir='ltr'><em>gratia</em></span> <span class='ocrx_word' id='word_1_101' title='bbox 1420 1461 1828 1556; x_wconf 64' lang='lat' dir='ltr'><em>dssraHum</em></span> <span class='ocrx_word' id='word_1_102' title='bbox 1859 1512 1886 1552; x_wconf 86' lang='lat'><em>‚</em></span> <span class='ocrx_word' id='word_1_103' title='bbox 1951 1462 2048 1541; x_wconf 99' lang='grc' dir='ltr'><em>ἔθ’</em></span> <span class='ocrx_word' id='word_1_104' title='bbox 2112 1463 2305 1567; x_wconf 86' lang='lat' dir='ltr'><em>quod</em></span> <span class='ocrx_word' id='word_1_105' title='bbox 2348 1470 2586 1569; x_wconf 86' lang='lat' dir='ltr'><em>magis</em></span> <span class='ocrx_word' id='word_1_106' title='bbox 2638 1469 2736 1562; x_wconf 87' lang='lat' dir='ltr'><em>est</em></span> <span class='ocrx_word' id='word_1_107' title='bbox 2749 1508 2787 1557; x_wconf 63' lang='grc' dir='ltr'><em>,ὖ</em></span> <span class='ocrx_word' id='word_1_108' title='bbox 2830 1466 3184 1571; x_wconf 82' lang='lat' dir='ltr'><em>grandem</em></span> <span class='ocrx_word' id='word_1_109' title='bbox 3240 1465 3463 1548; x_wconf 71' lang='lat' dir='ltr'><em>exbi-</em></span> 
     </span>
     <span class='ocr_line' id='line_1_12' title="bbox 380 1575 3458 1690; baseline 0.001 -28"><span class='ocrx_word' id='word_1_110' title='bbox 380 1583 616 1664; x_wconf 84' lang='lat' dir='ltr'><em>bitam</em></span> <span class='ocrx_word' id='word_1_111' title='bbox 650 1576 1038 1679; x_wconf 81' lang='lat' dir='ltr'><em>mercedem</em></span> <span class='ocrx_word' id='word_1_112' title='bbox 1054 1630 1080 1669; x_wconf 83' lang='lat'>‚</span> <span class='ocrx_word' id='word_1_113' title='bbox 1142 1595 1231 1656; x_wconf 90' lang='lat' dir='ltr'><em>ut</em></span> <span class='ocrx_word' id='word_1_114' title='bbox 1269 1603 1366 1656; x_wconf 82' lang='lat' dir='ltr'><em>ex</em></span> <span class='ocrx_word' id='word_1_115' title='bbox 1390 1575 1582 1657; x_wconf 84' lang='lat' dir='ltr'><em>libro</em></span> <span class='ocrx_word' id='word_1_116' title='bbox 1618 1577 1986 1656; x_wconf 75' lang='lat' dir='ltr'><em>emendato</em></span> <span class='ocrx_word' id='word_1_117' title='bbox 2022 1580 2276 1678; x_wconf 72' lang='lat' dir='ltr'><em>verfies</em></span> <span class='ocrx_word' id='word_1_118' title='bbox 2307 1583 3011 1661; x_wconf 78' lang='lat' dir='ltr'><em>unus-tautummodo</em></span> <span class='ocrx_word' id='word_1_119' title='bbox 3045 1585 3280 1690; x_wconf 73' lang='lat' dir='ltr'><em>pfft</em></span> <span class='ocrx_word' id='word_1_120' title='bbox 3342 1607 3458 1666; x_wconf 81' lang='lat' dir='ltr'><em>re-</em></span> 
     </span>
     <span class='ocr_line' id='line_1_13' title="bbox 354 1686 3454 1806; baseline 0 -25"><span class='ocrx_word' id='word_1_121' title='bbox 354 1686 677 1800; x_wconf 59' lang='lat' dir='ltr'><em>censeri.</em></span> <span class='ocrx_word' id='word_1_122' title='bbox 790 1694 982 1774; x_wconf 76' lang='lat' dir='ltr'><em>laud</em></span> <span class='ocrx_word' id='word_1_123' title='bbox 1014 1696 1298 1802; x_wconf 83' lang='lat' dir='ltr'><em>quidem</em></span> <span class='ocrx_word' id='word_1_124' title='bbox 1310 1694 1569 1793; x_wconf 90' lang='lat' dir='ltr'><em>sciant</em></span> <span class='ocrx_word' id='word_1_125' title='bbox 1596 1701 1838 1791; x_wconf 83' lang='lat' dir='ltr'><em>nostra</em></span> <span class='ocrx_word' id='word_1_126' title='bbox 1870 1689 2018 1774; x_wconf 79' lang='lat' dir='ltr'><em>bac</em></span> <span class='ocrx_word' id='word_1_127' title='bbox 2048 1697 2364 1802; x_wconf 84' lang='lat' dir='ltr'><em>legentes</em></span> <span class='ocrx_word' id='word_1_128' title='bbox 2381 1748 2407 1788; x_wconf 87' lang='lat'>‚</span> <span class='ocrx_word' id='word_1_129' title='bbox 2467 1698 2776 1797; x_wconf 85' lang='lat' dir='ltr'><em>multum</em></span> <span class='ocrx_word' id='word_1_130' title='bbox 2805 1725 2935 1778; x_wconf 90' lang='lat' dir='ltr'><em>nos</em></span> <span class='ocrx_word' id='word_1_131' title='bbox 2960 1719 3100 1804; x_wconf 91' lang='lat' dir='ltr'><em>pro</em></span> <span class='ocrx_word' id='word_1_132' title='bbox 3130 1717 3454 1806; x_wconf 76' lang='lat' dir='ltr'><em>temporo</em></span> 
     </span>
     <span class='ocr_line' id='line_1_14' title="bbox 356 1809 3456 1922; baseline 0 -25"><span class='ocrx_word' id='word_1_133' title='bbox 356 1822 461 1898; x_wconf 77' lang='lat' dir='ltr'><em>‘in</em></span> <span class='ocrx_word' id='word_1_134' title='bbox 501 1815 632 1897; x_wconf 84' lang='lat' dir='ltr'><em>hoc</em></span> <span class='ocrx_word' id='word_1_135' title='bbox 644 1814 982 1918; x_wconf 71' lang='lat' dir='ltr'><em>sust-epto</em></span> <span class='ocrx_word' id='word_1_136' title='bbox 1016 1838 1310 1891; x_wconf 87' lang='lat' dir='ltr'><em>munere</em></span> <span class='ocrx_word' id='word_1_137' title='bbox 1353 1809 1718 1909; x_wconf 79' lang='lat' dir='ltr'><em>laboraffi.</em></span> <span class='ocrx_word' id='word_1_138' title='bbox 1841 1811 2221 1922; x_wconf 71' lang='lat' dir='ltr'><em>Qantum</em></span> <span class='ocrx_word' id='word_1_139' title='bbox 2234 1814 2769 1916; x_wconf 83' lang='lat' dir='ltr'><em>profecerimus</em></span> <span class='ocrx_word' id='word_1_140' title='bbox 2801 1816 3119 1919; x_wconf 76' lang='lat' dir='ltr'><em>ipsorum</em></span> <span class='ocrx_word' id='word_1_141' title='bbox 3147 1820 3270 1915; x_wconf 76' lang='lat' dir='ltr'><em>fit·</em></span> <span class='ocrx_word' id='word_1_142' title='bbox 3287 1817 3456 1900; x_wconf 68' lang='lat' dir='ltr'><em>cu&#39;ns</em></span> 
     </span>
    </p>
   </div>
   <div class='ocr_carea' id='block_1_3' title="bbox 2829 444 2876 473">
    <p class='ocr_par' dir='ltr' id='par_1_3' title="bbox 2829 444 2876 473">
     <span class='ocr_line' id='line_1_15' title="bbox 2829 444 2876 473; baseline 0 -20"><span class='ocrx_word' id='word_1_143' title='bbox 2829 444 2876 473; x_wconf 36' lang='lat' dir='ltr'><em>s*</em></span> 
     </span>
    </p>
   </div>
   <div class='ocr_carea' id='block_1_4' title="bbox 351 1929 3462 2384">
    <p class='ocr_par' dir='ltr' id='par_1_4' title="bbox 351 1929 3462 2384">
     <span class='ocr_line' id='line_1_16' title="bbox 356 1929 3462 2041; baseline 0.001 -29"><span class='ocrx_word' id='word_1_144' title='bbox 356 1933 656 2041; x_wconf 77' lang='lat' dir='ltr'><em>judicio</em></span> <span class='ocrx_word' id='word_1_145' title='bbox 690 1932 1193 2037; x_wconf 72' lang='lat' dir='ltr'><em>testimonium.</em></span> <span class='ocrx_word' id='word_1_146' title='bbox 1311 1929 1395 2007; x_wconf 90' lang='lat' dir='ltr'>F</span> <span class='ocrx_word' id='word_1_147' title='bbox 1380 1930 1654 2024; x_wconf 79' lang='lat' dir='ltr'><em>orfitan</em></span> <span class='ocrx_word' id='word_1_148' title='bbox 1687 1932 2040 2032; x_wconf 82' lang='lat' dir='ltr'><em>quispiam</em></span> <span class='ocrx_word' id='word_1_149' title='bbox 2078 1931 2399 2030; x_wconf 66' lang='lat' dir='ltr'><em>expetiet</em></span> <span class='ocrx_word' id='word_1_150' title='bbox 2412 1979 2438 2019; x_wconf 86' lang='lat'>‚</span> <span class='ocrx_word' id='word_1_151' title='bbox 2503 1936 2623 2006; x_wconf 85' lang='lat' dir='ltr'><em>uti</em></span> <span class='ocrx_word' id='word_1_152' title='bbox 2666 1932 2752 2010; x_wconf 88' lang='lat' dir='ltr'><em>de</em></span> <span class='ocrx_word' id='word_1_153' title='bbox 2803 1930 3246 2015; x_wconf 81' lang='lat' dir='ltr'><em>immortalis</em></span> <span class='ocrx_word' id='word_1_154' title='bbox 3285 1935 3462 2015; x_wconf 79' lang='lat' dir='ltr'><em>Do·</em></span> 
     </span>
     <span class='ocr_line' id='line_1_17' title="bbox 352 2040 3462 2153; baseline 0.001 -24"><span class='ocrx_word' id='word_1_155' title='bbox 352 2054 601 2130; x_wconf 68' lang='lat' dir='ltr'><em>·Horis</em></span> <span class='ocrx_word' id='word_1_156' title='bbox 631 2044 922 2151; x_wconf 51' lang='lat' dir='ltr'><em>aliquid*</em></span> <span class='ocrx_word' id='word_1_157' title='bbox 970 2041 1102 2121; x_wconf 89' lang='lat' dir='ltr'><em>hoc</em></span> <span class='ocrx_word' id='word_1_158' title='bbox 1136 2045 1302 2119; x_wconf 79' lang='lat' dir='ltr'><em>‘loco</em></span> <span class='ocrx_word' id='word_1_159' title='bbox 1354 2043 1608 2147; x_wconf 87' lang='lat' dir='ltr'><em>gloria</em></span> <span class='ocrx_word' id='word_1_160' title='bbox 1668 2040 2163 2145; x_wconf 70' lang='lat' dir='ltr'><em>predicemus.</em></span> <span class='ocrx_word' id='word_1_161' title='bbox 2285 2044 2377 2121; x_wconf 90' lang='lat' dir='ltr'><em>V</em></span> <span class='ocrx_word' id='word_1_162' title='bbox 2360 2045 2686 2123; x_wconf 86' lang='lat' dir='ltr'><em>oluntate</em></span> <span class='ocrx_word' id='word_1_163' title='bbox 2735 2047 2825 2124; x_wconf 80' lang='lat' dir='ltr'><em>id</em></span> <span class='ocrx_word' id='word_1_164' title='bbox 2860 2051 3144 2153; x_wconf 87' lang='lat' dir='ltr'><em>quidem</em></span> <span class='ocrx_word' id='word_1_165' title='bbox 3191 2058 3462 2132; x_wconf 78' lang='lat' dir='ltr'><em>&#39;conari</em></span> 
     </span>
     <span class='ocr_line' id='line_1_18' title="bbox 354 2148 3459 2269; baseline -0.002 -24"><span class='ocrx_word' id='word_1_166' title='bbox 354 2193 507 2245; x_wconf 70' lang='lat' dir='ltr'><em>nos</em></span> <span class='ocrx_word' id='word_1_167' title='bbox 524 2164 870 2269; x_wconf 78' lang='lat' dir='ltr'><em>poffimus</em></span> <span class='ocrx_word' id='word_1_168' title='bbox 883 2209 912 2249; x_wconf 85' lang='grc'>,</span> <span class='ocrx_word' id='word_1_169' title='bbox 967 2185 1113 2238; x_wconf 88' lang='lat' dir='ltr'><em>non</em></span> <span class='ocrx_word' id='word_1_170' title='bbox 1135 2173 1385 2235; x_wconf 88' lang='lat' dir='ltr'><em>autem·</em></span> <span class='ocrx_word' id='word_1_171' title='bbox 1386 2157 1793 2263; x_wconf 78' lang='lat' dir='ltr'><em>facultate.</em></span> <span class='ocrx_word' id='word_1_172' title='bbox 1915 2156 2070 2262; x_wconf 71' lang='lat' dir='ltr'><em>Ipse</em></span> <span class='ocrx_word' id='word_1_173' title='bbox 2100 2156 2185 2236; x_wconf 88' lang='lat' dir='ltr'><em>de</em></span> <span class='ocrx_word' id='word_1_174' title='bbox 2199 2157 2290 2257; x_wconf 78' lang='lat' dir='ltr'><strong><em>fi</em></strong></span> <span class='ocrx_word' id='word_1_175' title='bbox 2309 2159 2547 2237; x_wconf 62' lang='lat' dir='ltr'><em>lenus</em></span> <span class='ocrx_word' id='word_1_176' title='bbox 2593 2156 2910 2240; x_wconf 85' lang='lat' dir='ltr'><em>ubertim</em></span> <span class='ocrx_word' id='word_1_177' title='bbox 2950 2163 3188 2257; x_wconf 84' lang='lat' dir='ltr'><em>dicet,</em></span> <span class='ocrx_word' id='word_1_178' title='bbox 3214 2182 3219 2187; x_wconf 83' lang='grc'><em>·</em></span> <span class='ocrx_word' id='word_1_179' title='bbox 3244 2148 3459 2269; x_wconf 65' lang='grc' dir='ltr'><em>ἑιῄάς</em></span> 
     </span>
     <span class='ocr_line' id='line_1_19' title="bbox 351 2270 3456 2384; baseline 0 -23"><span class='ocrx_word' id='word_1_180' title='bbox 351 2280 733 2384; x_wconf 76' lang='lat' dir='ltr'><em>facundia</em></span> <span class='ocrx_word' id='word_1_181' title='bbox 749 2312 779 2371; x_wconf 84' lang='grc'><em>,-</em></span> <span class='ocrx_word' id='word_1_182' title='bbox 841 2276 936 2355; x_wconf 85' lang='grc' dir='ltr'><em>ἔθ’</em></span> <span class='ocrx_word' id='word_1_183' title='bbox 945 2274 1337 2378; x_wconf 74' lang='lat' dir='ltr'><em>sapientia</em></span> <span class='ocrx_word' id='word_1_184' title='bbox 1370 2290 1663 2366; x_wconf 86' lang='lat' dir='ltr'><em>crater,</em></span> <span class='ocrx_word' id='word_1_185' title='bbox 1721 2288 1993 2380; x_wconf 87' lang='lat' dir='ltr'><em>quanto</em></span> <span class='ocrx_word' id='word_1_186' title='bbox 2025 2270 2400 2367; x_wconf 85' lang='lat' dir='ltr'><em>crebrior,</em></span> <span class='ocrx_word' id='word_1_187' title='bbox 2464 2277 2560 2356; x_wconf 97' lang='grc' dir='ltr'><em>ἔθ’</em></span> <span class='ocrx_word' id='word_1_188' title='bbox 2590 2283 2953 2358; x_wconf 79' lang='lat' dir='ltr'><em>meracior</em></span> <span class='ocrx_word' id='word_1_189' title='bbox 2947 2281 3209 2376; x_wconf 68' lang='lat' dir='ltr'><em>fuerit</em></span> <span class='ocrx_word' id='word_1_190' title='bbox 3237 2282 3456 2363; x_wconf 72' lang='lat' dir='ltr'><em>tanto</em></span> 
     </span>
    </p>
   </div>
   <div class='ocr_carea' id='block_1_5' title="bbox 194 2391 3462 2506">
    <p class='ocr_par' dir='ltr' id='par_1_5' title="bbox 194 2391 3462 2506">
     <span class='ocr_line' id='line_1_20' title="bbox 194 2391 3462 2506; baseline 0.001 -31"><span class='ocrx_word' id='word_1_191' title='bbox 194 2442 209 2449; x_wconf 87' lang='lat'><em>-</em></span> <span class='ocrx_word' id='word_1_192' title='bbox 342 2428 347 2433; x_wconf 94' lang='lat'>·</span> <span class='ocrx_word' id='word_1_193' title='bbox 364 2402 677 2506; x_wconf 76' lang='lat' dir='ltr'><em>pronior</em></span> <span class='ocrx_word' id='word_1_194' title='bbox 720 2400 878 2474; x_wconf 88' lang='lat' dir='ltr'><em>erit</em></span> <span class='ocrx_word' id='word_1_195' title='bbox 909 2391 1009 2470; x_wconf 86' lang='lat' dir='ltr'><em>ad</em></span> <span class='ocrx_word' id='word_1_196' title='bbox 1036 2395 1271 2470; x_wconf 89' lang='lat' dir='ltr'><em>animi</em></span> <span class='ocrx_word' id='word_1_197' title='bbox 1310 2391 1732 2483; x_wconf 75' lang='lat' dir='ltr'><em>sanitatem,</em></span> <span class='ocrx_word' id='word_1_198' title='bbox 1856 2391 2153 2468; x_wconf 82' lang='lat' dir='ltr'><em>Etenim</em></span> <span class='ocrx_word' id='word_1_199' title='bbox 2198 2391 2393 2495; x_wconf 82' lang='lat' dir='ltr'><em>quod</em></span> <span class='ocrx_word' id='word_1_200' title='bbox 2463 2392 2835 2472; x_wconf 86' lang='lat' dir='ltr'><em>Socratem</em></span> <span class='ocrx_word' id='word_1_201' title='bbox 2889 2395 3146 2494; x_wconf 69' lang='lat' dir='ltr'><em>dixff’</em></span> <span class='ocrx_word' id='word_1_202' title='bbox 3176 2400 3462 2494; x_wconf 66' lang='lat' dir='ltr'><em>,ferunt</em></span> 
     </span>
    </p>
   </div>
   <div class='ocr_carea' id='block_1_6' title="bbox 333 2502 3516 4490">
    <p class='ocr_par' dir='ltr' id='par_1_6' title="bbox 333 2502 3516 4490">
     <span class='ocr_line' id='line_1_21' title="bbox 342 2502 3516 2625; baseline 0.001 -30"><span class='ocrx_word' id='word_1_203' title='bbox 342 2534 349 2543; x_wconf 84' lang='lat'>&#39;</span> <span class='ocrx_word' id='word_1_204' title='bbox 359 2515 764 2625; x_wconf 76' lang='lat' dir='ltr'><em>prudenter</em></span> <span class='ocrx_word' id='word_1_205' title='bbox 787 2567 811 2605; x_wconf 86' lang='lat'><em>‚</em></span> <span class='ocrx_word' id='word_1_206' title='bbox 871 2528 1085 2617; x_wconf 84' lang='lat' dir='ltr'><em>atque</em></span> <span class='ocrx_word' id='word_1_207' title='bbox 1120 2506 1491 2606; x_wconf 74' lang='lat' dir='ltr'><em>doHiffi&#39;me</em></span> <span class='ocrx_word' id='word_1_208' title='bbox 1511 2559 1535 2599; x_wconf 83' lang='lat'>,</span> <span class='ocrx_word' id='word_1_209' title='bbox 1591 2502 1959 2586; x_wconf 84' lang='lat' dir='ltr'><em>bominum</em></span> <span class='ocrx_word' id='word_1_210' title='bbox 1992 2508 2284 2612; x_wconf 73' lang='lat' dir='ltr'><em>pec‘Iora</em></span> <span class='ocrx_word' id='word_1_211' title='bbox 2334 2510 2464 2607; x_wconf 70' lang='lat' dir='ltr'><em>ff</em></span> <span class='ocrx_word' id='word_1_212' title='bbox 2514 2528 2846 2613; x_wconf 85' lang='lat' dir='ltr'><em>oportere</em></span> <span class='ocrx_word' id='word_1_213' title='bbox 2877 2531 3174 2617; x_wconf 85' lang='lat' dir='ltr'><em>aperta,</em></span> <span class='ocrx_word' id='word_1_214' title='bbox 3232 2526 3452 2624; x_wconf 73' lang='lat' dir='ltr'><em>atque</em></span> <span class='ocrx_word' id='word_1_215' title='bbox 3509 2575 3516 2576; x_wconf 26' lang='lat' dir='ltr'><em>ff</em></span> 
     </span>
     <span class='ocr_line' id='line_1_22' title="bbox 349 2622 3456 2737; baseline 0.001 -25"><span class='ocrx_word' id='word_1_216' title='bbox 349 2631 765 2734; x_wconf 71' lang='lat' dir='ltr'><em>fenestrata</em></span> <span class='ocrx_word' id='word_1_217' title='bbox 787 2682 811 2722; x_wconf 88' lang='lat'><em>‚</em></span> <span class='ocrx_word' id='word_1_218' title='bbox 874 2632 994 2706; x_wconf 85' lang='lat' dir='ltr'><em>uti</em></span> <span class='ocrx_word' id='word_1_219' title='bbox 1025 2652 1171 2703; x_wconf 85' lang='lat' dir='ltr'><em>non</em></span> <span class='ocrx_word' id='word_1_220' title='bbox 1224 2626 1540 2704; x_wconf 89' lang='lat' dir='ltr'><em>occultos</em></span> <span class='ocrx_word' id='word_1_221' title='bbox 1563 2674 1591 2716; x_wconf 82' lang='lat'>‚</span> <span class='ocrx_word' id='word_1_222' title='bbox 1650 2624 2249 2730; x_wconf 83' lang='lat' dir='ltr'><em>clandestinosque</em></span> <span class='ocrx_word' id='word_1_223' title='bbox 2279 2622 2586 2708; x_wconf 81' lang='lat' dir='ltr'><em>habeant</em></span> <span class='ocrx_word' id='word_1_224' title='bbox 2598 2628 2853 2728; x_wconf 70' lang='lat' dir='ltr'><em>sensus</em></span> <span class='ocrx_word' id='word_1_225' title='bbox 2867 2680 2895 2721; x_wconf 84' lang='lat'>‚</span> <span class='ocrx_word' id='word_1_226' title='bbox 2933 2628 3078 2727; x_wconf 81' lang='lat' dir='ltr'><em>fid</em></span> <span class='ocrx_word' id='word_1_227' title='bbox 3111 2650 3456 2737; x_wconf 80' lang='lat' dir='ltr'><em>potentes</em></span> 
     </span>
     <span class='ocr_line' id='line_1_23' title="bbox 369 2741 3469 2857; baseline 0 -28"><span class='ocrx_word' id='word_1_228' title='bbox 369 2751 472 2829; x_wconf 85' lang='lat' dir='ltr'><em>ad</em></span> <span class='ocrx_word' id='word_1_229' title='bbox 500 2742 1079 2846; x_wconf 84' lang='lat' dir='ltr'><em>confiderandum</em></span> <span class='ocrx_word' id='word_1_230' title='bbox 1096 2793 1121 2831; x_wconf 87' lang='lat'>,</span> <span class='ocrx_word' id='word_1_231' title='bbox 1180 2758 1397 2845; x_wconf 86' lang='lat' dir='ltr'><em>atque</em></span> <span class='ocrx_word' id='word_1_232' title='bbox 1430 2741 1837 2843; x_wconf 75' lang='lat' dir='ltr'><em>explicatus</em></span> <span class='ocrx_word' id='word_1_233' title='bbox 1854 2792 1879 2830; x_wconf 80' lang='lat'>‚</span> <span class='ocrx_word' id='word_1_234' title='bbox 1935 2747 2097 2848; x_wconf 81' lang='lat' dir='ltr'><em>quis</em></span> <span class='ocrx_word' id='word_1_235' title='bbox 2127 2768 2451 2846; x_wconf 42' lang='lat' dir='ltr'><em>unquam,</em></span> <span class='ocrx_word' id='word_1_236' title='bbox 2491 2741 2840 2845; x_wconf 74' lang='lat' dir='ltr'><em>ejusmodi</em></span> <span class='ocrx_word' id='word_1_237' title='bbox 2873 2763 3162 2826; x_wconf 72' lang='lat' dir='ltr'><em>natura</em></span> <span class='ocrx_word' id='word_1_238' title='bbox 3206 2758 3469 2857; x_wconf 87' lang='lat' dir='ltr'><em>magis·</em></span> 
     </span>
     <span class='ocr_line' id='line_1_24' title="bbox 349 2853 3452 2969; baseline 0.002 -28"><span class='ocrx_word' id='word_1_239' title='bbox 349 2866 568 2966; x_wconf 73' lang='lat' dir='ltr'><em>fuit,</em></span> <span class='ocrx_word' id='word_1_240' title='bbox 624 2888 837 2969; x_wconf 86' lang='lat' dir='ltr'><em>quam</em></span> <span class='ocrx_word' id='word_1_241' title='bbox 867 2858 1116 2935; x_wconf 83' lang='lat' dir='ltr'><em>Divus</em></span> <span class='ocrx_word' id='word_1_242' title='bbox 1146 2853 1266 2935; x_wconf 88' lang='lat' dir='ltr'><em>bic</em></span> <span class='ocrx_word' id='word_1_243' title='bbox 1304 2856 1640 2934; x_wconf 66' lang='lat' dir='ltr'><em>Doc‘lor?</em></span> <span class='ocrx_word' id='word_1_244' title='bbox 1693 2861 1823 2963; x_wconf 88' lang='lat' dir='ltr'><em>qui</em></span> <span class='ocrx_word' id='word_1_245' title='bbox 1858 2864 2182 2935; x_wconf 86' lang='lat' dir='ltr'><em>animum</em></span> <span class='ocrx_word' id='word_1_246' title='bbox 2210 2863 2533 2963; x_wconf 70' lang='lat' dir='ltr'><em>gestavit</em></span> <span class='ocrx_word' id='word_1_247' title='bbox 2577 2865 2658 2937; x_wconf 89' lang='lat' dir='ltr'><em>in</em></span> <span class='ocrx_word' id='word_1_248' title='bbox 2670 2862 2941 2957; x_wconf 86' lang='lat' dir='ltr'><em>fronte</em></span> <span class='ocrx_word' id='word_1_249' title='bbox 2953 2913 2981 2954; x_wconf 86' lang='lat'><em>,</em></span> <span class='ocrx_word' id='word_1_250' title='bbox 3047 2861 3143 2943; x_wconf 76' lang='grc' dir='ltr'><em>ἔθ’</em></span> <span class='ocrx_word' id='word_1_251' title='bbox 3182 2870 3262 2944; x_wconf 83' lang='lat' dir='ltr'><em>in</em></span> <span class='ocrx_word' id='word_1_252' title='bbox 3303 2869 3452 2947; x_wconf 86' lang='lat' dir='ltr'><em>lin-</em></span> 
     </span>
     <span class='ocr_line' id='line_1_25' title="bbox 359 2970 3454 3092; baseline 0.002 -34"><span class='ocrx_word' id='word_1_253' title='bbox 359 3009 518 3092; x_wconf 83' lang='lat' dir='ltr'><em>gua</em></span> <span class='ocrx_word' id='word_1_254' title='bbox 550 2981 1049 3070; x_wconf 75' lang='lat' dir='ltr'><em>voluntatem3</em></span> <span class='ocrx_word' id='word_1_255' title='bbox 1109 2980 1238 3079; x_wconf 86' lang='lat' dir='ltr'><em>qui</em></span> <span class='ocrx_word' id='word_1_256' title='bbox 1283 2980 1610 3052; x_wconf 80' lang='lat' dir='ltr'><em>maxima</em></span> <span class='ocrx_word' id='word_1_257' title='bbox 1628 3049 1639 3060; x_wconf 81' lang='grc'><strong>,</strong></span> <span class='ocrx_word' id='word_1_258' title='bbox 1656 3000 1892 3052; x_wconf 87' lang='lat' dir='ltr'><em>omnes</em></span> <span class='ocrx_word' id='word_1_259' title='bbox 1936 2970 2254 3053; x_wconf 84' lang='lat' dir='ltr'><em>homines</em></span> <span class='ocrx_word' id='word_1_260' title='bbox 2320 2974 2571 3054; x_wconf 89' lang='lat' dir='ltr'><em>docuit</em></span> <span class='ocrx_word' id='word_1_261' title='bbox 2616 2973 2951 3057; x_wconf 84' lang='lat' dir='ltr'><em>ubertate</em></span> <span class='ocrx_word' id='word_1_262' title='bbox 2975 3030 3001 3070; x_wconf 82' lang='lat'><em>‚</em></span> <span class='ocrx_word' id='word_1_263' title='bbox 3063 2981 3454 3090; x_wconf 79' lang='lat' dir='ltr'><em>redarguit</em></span> 
     </span>
     <span class='ocr_line' id='line_1_26' title="bbox 365 3088 3452 3194; baseline 0 -17"><span class='ocrx_word' id='word_1_264' title='bbox 365 3097 714 3182; x_wconf 82' lang='lat' dir='ltr'><em>libertate</em></span> <span class='ocrx_word' id='word_1_265' title='bbox 750 3145 774 3186; x_wconf 88' lang='lat'>‚</span> <span class='ocrx_word' id='word_1_266' title='bbox 833 3094 1097 3170; x_wconf 66' lang='lat' dir='ltr'><em>auexit</em></span> <span class='ocrx_word' id='word_1_267' title='bbox 1145 3088 1491 3192; x_wconf 77' lang='lat' dir='ltr'><em>beneficio</em></span> <span class='ocrx_word' id='word_1_268' title='bbox 1525 3142 1550 3182; x_wconf 89' lang='lat'>‚</span> <span class='ocrx_word' id='word_1_269' title='bbox 1620 3095 2075 3194; x_wconf 81' lang='lat' dir='ltr'><em>provocavit</em></span> <span class='ocrx_word' id='word_1_270' title='bbox 2133 3093 2479 3194; x_wconf 82' lang='lat' dir='ltr'><em>exemplo.</em></span> <span class='ocrx_word' id='word_1_271' title='bbox 2597 3093 2894 3173; x_wconf 62' lang='lat' dir='ltr'><em>mrum</em></span> <span class='ocrx_word' id='word_1_272' title='bbox 2960 3099 3452 3194; x_wconf 58' lang='lat' dir='ltr'><em>vexillarius,</em></span> 
     </span>
     <span class='ocr_line' id='line_1_27' title="bbox 368 3204 3449 3320; baseline -0.001 -24"><span class='ocrx_word' id='word_1_273' title='bbox 368 3218 751 3320; x_wconf 86' lang='lat' dir='ltr'><em>religionis</em></span> <span class='ocrx_word' id='word_1_274' title='bbox 781 3210 1106 3317; x_wconf 72' lang='lat' dir='ltr'><em>fignifer</em></span> <span class='ocrx_word' id='word_1_275' title='bbox 1136 3259 1162 3300; x_wconf 88' lang='lat'><em>,</em></span> <span class='ocrx_word' id='word_1_276' title='bbox 1222 3207 1564 3305; x_wconf 86' lang='lat' dir='ltr'><em>Paradisi</em></span> <span class='ocrx_word' id='word_1_277' title='bbox 1603 3234 1859 3314; x_wconf 86' lang='lat' dir='ltr'><em>mango</em></span> <span class='ocrx_word' id='word_1_278' title='bbox 1888 3257 1912 3297; x_wconf 86' lang='lat'>‚</span> <span class='ocrx_word' id='word_1_279' title='bbox 1996 3214 2179 3296; x_wconf 72' lang='lat' dir='ltr'><em>vita</em></span> <span class='ocrx_word' id='word_1_280' title='bbox 2254 3204 2675 3304; x_wconf 74' lang='lat' dir='ltr'><em>Christiana·</em></span> <span class='ocrx_word' id='word_1_281' title='bbox 2724 3213 3096 3317; x_wconf 84' lang='lat' dir='ltr'><em>exemplar</em></span> <span class='ocrx_word' id='word_1_282' title='bbox 3126 3264 3154 3305; x_wconf 84' lang='lat'>‚</span> <span class='ocrx_word' id='word_1_283' title='bbox 3214 3219 3449 3295; x_wconf 72' lang='lat' dir='ltr'><em>niulto</em></span> 
     </span>
     <span class='ocr_line' id='line_1_28' title="bbox 365 3323 3450 3431; baseline 0 -22"><span class='ocrx_word' id='word_1_284' title='bbox 365 3334 626 3411; x_wconf 83' lang='lat' dir='ltr'><em>melior</em></span> <span class='ocrx_word' id='word_1_285' title='bbox 663 3334 871 3418; x_wconf 80' lang='lat' dir='ltr'><em>vita,</em></span> <span class='ocrx_word' id='word_1_286' title='bbox 914 3352 1133 3431; x_wconf 83' lang='lat' dir='ltr'><em>quam</em></span> <span class='ocrx_word' id='word_1_287' title='bbox 1170 3323 1412 3429; x_wconf 89' lang='lat' dir='ltr'><em>major</em></span> <span class='ocrx_word' id='word_1_288' title='bbox 1440 3326 1809 3414; x_wconf 54' lang='lat' dir='ltr'><em>datiana,</em></span> <span class='ocrx_word' id='word_1_289' title='bbox 1869 3325 2012 3422; x_wconf 68' lang='lat' dir='ltr'><em>etsi</em></span> <span class='ocrx_word' id='word_1_290' title='bbox 2061 3329 2377 3402; x_wconf 86' lang='lat' dir='ltr'><em>omnium</em></span> <span class='ocrx_word' id='word_1_291' title='bbox 2427 3331 2789 3405; x_wconf 84' lang='lat' dir='ltr'><em>maximus</em></span> <span class='ocrx_word' id='word_1_292' title='bbox 2837 3331 3286 3426; x_wconf 81' lang='lat' dir='ltr'><em>eruditione,</em></span> <span class='ocrx_word' id='word_1_293' title='bbox 3339 3335 3450 3428; x_wconf 68' lang='lat' dir='ltr'><em>le-</em></span> 
     </span>
     <span class='ocr_line' id='line_1_29' title="bbox 364 3443 3453 3550; baseline 0 -22"><span class='ocrx_word' id='word_1_294' title='bbox 364 3450 692 3529; x_wconf 79' lang='lat' dir='ltr'><em>culorum</em></span> <span class='ocrx_word' id='word_1_295' title='bbox 715 3449 870 3550; x_wconf 84' lang='lat' dir='ltr'><em>post</em></span> <span class='ocrx_word' id='word_1_296' title='bbox 883 3443 974 3539; x_wconf 81' lang='lat' dir='ltr'><em>se</em></span> <span class='ocrx_word' id='word_1_297' title='bbox 1002 3444 1380 3534; x_wconf 84' lang='lat' dir='ltr'><em>excultor,</em></span> <span class='ocrx_word' id='word_1_298' title='bbox 1427 3447 1774 3546; x_wconf 81' lang='lat' dir='ltr'><em>priorum</em></span> <span class='ocrx_word' id='word_1_299' title='bbox 1792 3444 2236 3538; x_wconf 75' lang='lat' dir='ltr'><em>iHustrator‚·</em></span> <span class='ocrx_word' id='word_1_300' title='bbox 2280 3458 2755 3549; x_wconf 83' lang='lat' dir='ltr'><em>utrorumque</em></span> <span class='ocrx_word' id='word_1_301' title='bbox 2775 3446 3029 3550; x_wconf 85' lang='lat' dir='ltr'><em>gloria</em></span> <span class='ocrx_word' id='word_1_302' title='bbox 3062 3447 3155 3527; x_wconf 75' lang='grc' dir='ltr'><em>ἔθ’</em></span> <span class='ocrx_word' id='word_1_303' title='bbox 3181 3457 3453 3529; x_wconf 77' lang='lat' dir='ltr'><em>merita</em></span> 
     </span>
     <span class='ocr_line' id='line_1_30' title="bbox 359 3558 3460 3670; baseline -0.001 -24"><span class='ocrx_word' id='word_1_304' title='bbox 359 3589 628 3647; x_wconf 87' lang='lat' dir='ltr'><em>corona</em></span> <span class='ocrx_word' id='word_1_305' title='bbox 647 3567 1039 3666; x_wconf 71' lang='lat' dir='ltr'><em>precipua.</em></span> <span class='ocrx_word' id='word_1_306' title='bbox 1161 3558 1306 3640; x_wconf 84' lang='lat' dir='ltr'><em>Sed</em></span> <span class='ocrx_word' id='word_1_307' title='bbox 1381 3583 1511 3638; x_wconf 89' lang='lat' dir='ltr'><em>nos</em></span> <span class='ocrx_word' id='word_1_308' title='bbox 1565 3564 1645 3636; x_wconf 87' lang='lat' dir='ltr'><em>in</em></span> <span class='ocrx_word' id='word_1_309' title='bbox 1672 3559 1947 3657; x_wconf 79' lang='lat' dir='ltr'><em>stlvam</em></span> <span class='ocrx_word' id='word_1_310' title='bbox 2006 3558 2215 3662; x_wconf 86' lang='lat' dir='ltr'><em>ligna</em></span> <span class='ocrx_word' id='word_1_311' title='bbox 2233 3607 2260 3649; x_wconf 82' lang='lat'>‚</span> <span class='ocrx_word' id='word_1_312' title='bbox 2318 3585 2575 3663; x_wconf 86' lang='lat' dir='ltr'><em>aquam</em></span> <span class='ocrx_word' id='word_1_313' title='bbox 2653 3565 2734 3638; x_wconf 88' lang='lat' dir='ltr'><em>in</em></span> <span class='ocrx_word' id='word_1_314' title='bbox 2785 3588 2984 3641; x_wconf 87' lang='lat' dir='ltr'><em>mare</em></span> <span class='ocrx_word' id='word_1_315' title='bbox 3010 3615 3036 3656; x_wconf 88' lang='lat'>‚</span> <span class='ocrx_word' id='word_1_316' title='bbox 3073 3568 3315 3658; x_wconf 74' lang='lat' dir='ltr'><em>steHas</em></span> <span class='ocrx_word' id='word_1_317' title='bbox 3361 3571 3460 3670; x_wconf 69' lang='lat' dir='ltr'><em>itt</em></span> 
     </span>
     <span class='ocr_line' id='line_1_31' title="bbox 334 3674 3446 3787; baseline -0.001 -26"><span class='ocrx_word' id='word_1_318' title='bbox 334 3684 894 3778; x_wconf 76' lang='lat' dir='ltr'><em>firmamentum</em></span> <span class='ocrx_word' id='word_1_319' title='bbox 938 3701 1284 3755; x_wconf 77' lang='lat' dir='ltr'><em>conamur</em></span> <span class='ocrx_word' id='word_1_320' title='bbox 1331 3675 1627 3773; x_wconf 81' lang='lat' dir='ltr'><em>afferre.</em></span> <span class='ocrx_word' id='word_1_321' title='bbox 1754 3675 1914 3784; x_wconf 74' lang='lat' dir='ltr'><em>Qi</em></span> <span class='ocrx_word' id='word_1_322' title='bbox 1964 3674 2193 3752; x_wconf 88' lang='lat' dir='ltr'><em>alium</em></span> <span class='ocrx_word' id='word_1_323' title='bbox 2216 3726 2241 3766; x_wconf 90' lang='lat'>‚</span> <span class='ocrx_word' id='word_1_324' title='bbox 2287 3675 2647 3778; x_wconf 70' lang='lat' dir='ltr'><em>praesente</em></span> <span class='ocrx_word' id='word_1_325' title='bbox 2714 3678 3156 3784; x_wconf 75' lang='lat' dir='ltr'><em>Hieronymo</em></span> <span class='ocrx_word' id='word_1_326' title='bbox 3174 3732 3200 3769; x_wconf 86' lang='lat'>,</span> <span class='ocrx_word' id='word_1_327' title='bbox 3262 3709 3446 3787; x_wconf 80' lang='lat' dir='ltr'><em>qua·</em></span> 
     </span>
     <span class='ocr_line' id='line_1_32' title="bbox 364 3790 3447 3902; baseline 0.001 -26"><span class='ocrx_word' id='word_1_328' title='bbox 364 3805 478 3876; x_wconf 84' lang='lat' dir='ltr'><em>rit</em></span> <span class='ocrx_word' id='word_1_329' title='bbox 550 3801 788 3902; x_wconf 83' lang='lat' dir='ltr'><em>legere</em></span> <span class='ocrx_word' id='word_1_330' title='bbox 804 3848 828 3888; x_wconf 86' lang='lat'><em>‚</em></span> <span class='ocrx_word' id='word_1_331' title='bbox 892 3790 1173 3873; x_wconf 80' lang='lat' dir='ltr'><em>cibario</em></span> <span class='ocrx_word' id='word_1_332' title='bbox 1221 3813 1453 3897; x_wconf 82' lang='lat' dir='ltr'><em>pane,</em></span> <span class='ocrx_word' id='word_1_333' title='bbox 1518 3793 1789 3871; x_wconf 70' lang='lat' dir='ltr'><em>reliHis</em></span> <span class='ocrx_word' id='word_1_334' title='bbox 1858 3792 2380 3889; x_wconf 70' lang='lat' dir='ltr'><em>esculentorum</em></span> <span class='ocrx_word' id='word_1_335' title='bbox 2449 3793 2734 3872; x_wconf 88' lang='lat' dir='ltr'><em>deliciis</em></span> <span class='ocrx_word' id='word_1_336' title='bbox 2754 3846 2778 3886; x_wconf 91' lang='lat'>,</span> <span class='ocrx_word' id='word_1_337' title='bbox 2840 3802 3045 3900; x_wconf 54' lang='lat' dir='ltr'><em>cepit</em></span> <span class='ocrx_word' id='word_1_338' title='bbox 3124 3796 3447 3900; x_wconf 79' lang='lat' dir='ltr'><em>impleri.</em></span> 
     </span>
     <span class='ocr_line' id='line_1_33' title="bbox 359 3905 3446 4016; baseline 0.003 -27"><span class='ocrx_word' id='word_1_339' title='bbox 359 3913 552 3989; x_wconf 77' lang='lat' dir='ltr'><em>laud</em></span> <span class='ocrx_word' id='word_1_340' title='bbox 566 3917 677 4011; x_wconf 78' lang='lat' dir='ltr'><em>stt</em></span> <span class='ocrx_word' id='word_1_341' title='bbox 692 3914 889 4012; x_wconf 88' lang='lat' dir='ltr'><em>satis</em></span> <span class='ocrx_word' id='word_1_342' title='bbox 904 3963 934 4006; x_wconf 81' lang='lat'><em>,</em></span> <span class='ocrx_word' id='word_1_343' title='bbox 997 3906 1132 3990; x_wconf 84' lang='lat' dir='ltr'><em>bac</em></span> <span class='ocrx_word' id='word_1_344' title='bbox 1170 3914 1411 4006; x_wconf 84' lang='lat' dir='ltr'><em>nostra</em></span> <span class='ocrx_word' id='word_1_345' title='bbox 1444 3910 1735 4013; x_wconf 87' lang='lat' dir='ltr'><em>operula</em></span> <span class='ocrx_word' id='word_1_346' title='bbox 1766 3908 2111 4004; x_wconf 74' lang='lat' dir='ltr'><em>studiosos</em></span> <span class='ocrx_word' id='word_1_347' title='bbox 2133 3905 2450 3987; x_wconf 80' lang='lat' dir='ltr'><em>homines</em></span> <span class='ocrx_word' id='word_1_348' title='bbox 2486 3908 2587 3986; x_wconf 84' lang='lat' dir='ltr'><em>ad</em></span> <span class='ocrx_word' id='word_1_349' title='bbox 2646 3911 3018 4016; x_wconf 84' lang='lat' dir='ltr'><em>legendum</em></span> <span class='ocrx_word' id='word_1_350' title='bbox 3053 3916 3446 4014; x_wconf 68' lang='lat' dir='ltr'><em>‘excitasti-</em></span> 
     </span>
     <span class='ocr_line' id='line_1_34' title="bbox 362 4023 3447 4132; baseline 0.002 -26"><span class='ocrx_word' id='word_1_351' title='bbox 362 4027 583 4106; x_wconf 84' lang='lat' dir='ltr'><em>Nunc</em></span> <span class='ocrx_word' id='word_1_352' title='bbox 612 4029 913 4132; x_wconf 78' lang='lat' dir='ltr'><em>patrum</em></span> <span class='ocrx_word' id='word_1_353' title='bbox 945 4033 1026 4107; x_wconf 90' lang='lat' dir='ltr'><em>in</em></span> <span class='ocrx_word' id='word_1_354' title='bbox 1064 4026 1328 4107; x_wconf 85' lang='lat' dir='ltr'><em>liberos</em></span> <span class='ocrx_word' id='word_1_355' title='bbox 1346 4043 1725 4131; x_wconf 90' lang='lat' dir='ltr'><em>promptas</em></span> <span class='ocrx_word' id='word_1_356' title='bbox 1770 4028 2186 4105; x_wconf 85' lang='lat' dir='ltr'><em>voluntates</em></span> <span class='ocrx_word' id='word_1_357' title='bbox 2220 4032 2630 4103; x_wconf 80' lang='lat' dir='ltr'><em>invitemus</em></span> <span class='ocrx_word' id='word_1_358' title='bbox 2660 4026 2760 4104; x_wconf 89' lang='lat' dir='ltr'><em>ad</em></span> <span class='ocrx_word' id='word_1_359' title='bbox 2824 4023 2955 4105; x_wconf 84' lang='lat' dir='ltr'><em>hos</em></span> <span class='ocrx_word' id='word_1_360' title='bbox 3004 4025 3232 4107; x_wconf 88' lang='lat' dir='ltr'><em>libros</em></span> <span class='ocrx_word' id='word_1_361' title='bbox 3290 4034 3447 4112; x_wconf 83' lang='lat' dir='ltr'><em>levi</em></span> 
     </span>
     <span class='ocr_line' id='line_1_35' title="bbox 339 4140 3446 4255; baseline 0.003 -37"><span class='ocrx_word' id='word_1_362' title='bbox 339 4148 790 4251; x_wconf 81' lang='lat' dir='ltr'><em>patrimonii</em></span> <span class='ocrx_word' id='word_1_363' title='bbox 852 4173 1070 4225; x_wconf 91' lang='lat' dir='ltr'><em>onere</em></span> <span class='ocrx_word' id='word_1_364' title='bbox 1126 4143 1531 4238; x_wconf 84' lang='lat' dir='ltr'><em>coemendos</em></span> <span class='ocrx_word' id='word_1_365' title='bbox 1550 4194 1575 4236; x_wconf 87' lang='lat'>‚</span> <span class='ocrx_word' id='word_1_366' title='bbox 1619 4143 1825 4236; x_wconf 84' lang='lat' dir='ltr'><em>filios</em></span> <span class='ocrx_word' id='word_1_367' title='bbox 1870 4160 2133 4221; x_wconf 49' lang='lat' dir='ltr'><em>*autem</em></span> <span class='ocrx_word' id='word_1_368' title='bbox 2186 4141 2286 4221; x_wconf 90' lang='lat' dir='ltr'><em>ad</em></span> <span class='ocrx_word' id='word_1_369' title='bbox 2332 4140 2758 4251; x_wconf 82' lang='lat' dir='ltr'><em>studendum</em></span> <span class='ocrx_word' id='word_1_370' title='bbox 2804 4145 3123 4223; x_wconf 83' lang='lat' dir='ltr'><em>alacrius</em></span> <span class='ocrx_word' id='word_1_371' title='bbox 3139 4199 3164 4238; x_wconf 88' lang='lat'><em>‚</em></span> <span class='ocrx_word' id='word_1_372' title='bbox 3224 4166 3446 4255; x_wconf 83' lang='lat' dir='ltr'><em>atque</em></span> 
     </span>
     <span class='ocr_line' id='line_1_36' title="bbox 333 4258 3442 4373; baseline 0.002 -34"><span class='ocrx_word' id='word_1_373' title='bbox 333 4263 771 4363; x_wconf 83' lang='lat' dir='ltr'><em>ferventius</em></span> <span class='ocrx_word' id='word_1_374' title='bbox 799 4268 1180 4373; x_wconf 76' lang='lat' dir='ltr'><em>incitemus</em></span> <span class='ocrx_word' id='word_1_375' title='bbox 1196 4316 1222 4356; x_wconf 87' lang='lat'>‚</span> <span class='ocrx_word' id='word_1_376' title='bbox 1285 4262 1381 4341; x_wconf 97' lang='grc' dir='ltr'><em>ἔθ’</em></span> <span class='ocrx_word' id='word_1_377' title='bbox 1406 4260 1756 4366; x_wconf 79' lang='lat' dir='ltr'><em>quicquid</em></span> <span class='ocrx_word' id='word_1_378' title='bbox 1791 4266 2139 4366; x_wconf 88' lang='lat' dir='ltr'><em>temporis</em></span> <span class='ocrx_word' id='word_1_379' title='bbox 2180 4258 2635 4355; x_wconf 76' lang='lat' dir='ltr'><em>describendo</em></span> <span class='ocrx_word' id='word_1_380' title='bbox 2677 4260 3224 4368; x_wconf 73' lang='lat' dir='ltr'><em>infiempsr&#39;ffent,</em></span> <span class='ocrx_word' id='word_1_381' title='bbox 3282 4294 3442 4371; x_wconf 77' lang='lat' dir='ltr'><em>qua</em></span> 
     </span>
     <span class='ocr_line' id='line_1_37' title="bbox 336 4373 3444 4490; baseline -0.001 -30"><span class='ocrx_word' id='word_1_382' title='bbox 336 4384 565 4490; x_wconf 69' lang='lat' dir='ltr'><em>prius</em></span> <span class='ocrx_word' id='word_1_383' title='bbox 596 4403 828 4462; x_wconf 82' lang='lat' dir='ltr'><em>emere</em></span> <span class='ocrx_word' id='word_1_384' title='bbox 851 4385 1355 4487; x_wconf 79' lang='lat' dir='ltr'><em>propter-vim</em></span> <span class='ocrx_word' id='word_1_385' title='bbox 1362 4384 1788 4488; x_wconf 80' lang='lat' dir='ltr'><em>pretiorum</em></span> <span class='ocrx_word' id='word_1_386' title='bbox 1808 4402 1972 4464; x_wconf 74' lang='lat' dir='ltr'><em>‘non</em></span> <span class='ocrx_word' id='word_1_387' title='bbox 2001 4373 2342 4458; x_wconf 81' lang='lat' dir='ltr'><em>valebant</em></span> <span class='ocrx_word' id='word_1_388' title='bbox 2362 4429 2390 4472; x_wconf 83' lang='lat'><em>‚</em></span> <span class='ocrx_word' id='word_1_389' title='bbox 2451 4394 2642 4462; x_wconf 66' lang='lat' dir='ltr'><em>nun‘c</em></span> <span class='ocrx_word' id='word_1_390' title='bbox 2674 4379 2862 4486; x_wconf 67' lang='lat' dir='ltr'><em>jand</em></span> <span class='ocrx_word' id='word_1_391' title='bbox 2908 4408 3108 4461; x_wconf 83' lang='lat' dir='ltr'><em>omne</em></span> <span class='ocrx_word' id='word_1_392' title='bbox 3149 4386 3230 4458; x_wconf 85' lang='lat' dir='ltr'><em>in</em></span> <span class='ocrx_word' id='word_1_393' title='bbox 3257 4400 3444 4484; x_wconf 87' lang='lat' dir='ltr'><em>per-</em></span> 
     </span>
    </p>
   </div>
   <div class='ocr_carea' id='block_1_7' title="bbox 2069 4494 3434 4603">
    <p class='ocr_par' dir='ltr' id='par_1_7' title="bbox 2069 4494 3434 4603">
     <span class='ocr_line' id='line_1_38' title="bbox 2069 4494 3434 4603; baseline 0.001 -25"><span class='ocrx_word' id='word_1_394' title='bbox 2069 4494 2130 4578; x_wconf 84' lang='lat' dir='ltr'><strong>P</strong></span> <span class='ocrx_word' id='word_1_395' title='bbox 2201 4517 2244 4603; x_wconf 81' lang='lat'>3</span> <span class='ocrx_word' id='word_1_396' title='bbox 2399 4539 2406 4546; x_wconf 89' lang='lat'>-</span> <span class='ocrx_word' id='word_1_397' title='bbox 2801 4567 2816 4574; x_wconf 80' lang='grc'><strong>,</strong></span> <span class='ocrx_word' id='word_1_398' title='bbox 3100 4494 3434 4600; x_wconf 57' lang='lat' dir='ltr'><em>amende</em></span> 
     </span>
    </p>
   </div>
   <div class='ocr_carea' id='block_1_8' title="bbox 4033 3468 4035 4153">
    <p class='ocr_par' dir='ltr' id='par_1_8' title="bbox 4033 3468 4035 4153">
     <span class='ocr_line' id='line_1_39' title="bbox 4033 3468 4035 4153; baseline 0 0"><span class='ocrx_word' id='word_1_399' title='bbox 4033 3468 4035 4153; x_wconf 95' lang='lat' dir='ltr'><em> </em></span> 
     </span>
    </p>
   </div>
  </div>
 </body>
</html>
