4042 5100
45 932 57 989 ..-
47 816 55 867 ⁷-
47 698 58 754 -·-
50 580 57 637 ἡ
49 498 57 515 ο

916 366 1303 448 PRIMIS
1362 366 2196 448 TYPOGRAPHIS
2257 367 2812 448 ROMANIS.
3037 418 3066 475 ς
3319 400 3407 477 53

329 586 391 657 „
413 550 731 667 quidem
767 545 1297 664 impressorum
1343 545 1479 634 sub
1527 566 1748 637 tanto
1784 551 1933 656 iam
1988 549 2410 635 ‘chartarum
2466 548 2668 636 falce
2722 545 3233 640 laborantium
3251 613 3279 654 ,
3334 563 3416 646 &
3505 568 3515 576 ’

336 724 390 773 „
414 668 549 754 nili
586 693 711 756 tua
754 661 1162 753 liberalitas
1198 660 1665 780 opituletur,
1723 662 2239 751 deficientium
2254 721 2282 764 ,
2346 665 2611 752 ista‘est
2631 721 2659 764 ,
2716 671 2941 754 Pater
2969 667 3413 762 beatiffime:
3486 756 3522 783 ,μ

336 787 594 888 „Nos
625 785 726 869 de
767 785 1176 868 Germanis
1211 786 1438 895 primi
1467 786 1660 867 tanti
1717 781 2119 868 commodi
2175 803 2415 868 artem
2475 786 2555 868 in
2608 784 3037 869 Romanam
3090 787 3414 881 Curiam

340 925 619 1003 „tuam
658 894 909 986 multo
961 896 1236 986 sudore
1294 905 1374 984 δε
1448 896 1825 1012 impensa,
1895 892 2302 985 decessoris
2373 902 2488 985 tui
2549 900 3043 1013 tempestate,
3100 904 3421 996 devexi-.-
3471 1000 3480 1005 ,

337 1046 603 1120 „mus.
721 1020 905 1103 Nos
933 1013 1259 1130 opifices
1300 1011 1654 1102 librarios
1712 1026 2073 1113 caeteros,
2129 1036 2217 1100 ut
2287 1012 2498 1102 idem
2581 1017 3001 1127 auderent,
3035 1020 3420 1136 'exemplo

317 1190 395 1245 ‚„
415 1136 680 1219 nostro
724 1136 1230 1220 invitavimus.
1350 1134 1529 1217 Nos
1575 1127 1888 1247 reliquis
1918 1154 2238 1245 propter
2271 1125 2772 1244 impensarum
2812 1136 3419 1248 magnitudinem

338 1279 459 1353 „a
502 1273 723 1335 tanto
760 1251 1085 1362 negotio
1118 1243 1244 1333 vel
1296 1251 1623 1335 omnino
1667 1243 1795 1331 vel
1861 1252 2190 1335 maxima
2269 1275 2366 1331 ex
2423 1269 2638 1361 parte
2715 1246 2925 1362 quafi
2994 1256 3073 1335 in
3131 1249 3417 1345 salebra

332 1365 921 1469 „haerentibus,
975 1368 1414 1451 recentiore
1468 1368 1729 1473 animo
1780 1418 1807 1460 ,
1909 1364 2350 1479 visibusque
2420 1368 2816 1468 geminatis
2879 1392 3052 1451 cum
3133 1365 3422 1460 summa

344 1479 865 1586 „difficultate
912 1483 1338 1568 restitimus.
1457 1484 1634 1584 Jam
1670 1478 2029 1574 tandem,
2090 1478 2375 1565 defecti
2418 1484 2673 1568 nervis
2709 1486 2791 1566 δε
2842 1478 3245 1597 sanguine,
3307 1491 3441 1576 di-·

332 1657 396 1703 ‚,
420 1604 670 1684 vinam
706 1625 938 1711 opem
976 1621 1186 1684 tuam
1229 1590 1747 1711 imploramus.
1860 1595 2211 1697 Indicem
2249 1594 2320 1679 fi
2351 1591 2762 1710 perlegeris
2813 1598 3342 1713 impressorum
3377 1634 3434 1693 a·

336 1772 394 1821 „
415 1715 642 1802 nobis
695 1741 1024 1830 operum
1055 1770 1084 1813 ,
1160 1713 1550 1800 miraberis
1578 1770 1605 1810 ,
1682 1735 1909 1797 tantae‘
1979 1711 2373 1821 majestatis
2460 1716 2540 1798 δε
2591 1709 3019 1826 Apostolici
3075 1715 3428 1811 culminis

339 1889 397 1935 „
413 1852 668 1946 pater,
731 1826 856 1918 vel
901 1833 1192 1917 chartas
1239 1832 1416 1916 huic
1456 1825 1827 1916 librorum
1883 1833 2130 1944 eopiae
2173 1822 2499 1940 potuisse
2527 1825 2666 1917 ,vel
2723 1824 3178 1922 lineamenta
3240 1835 3426 1924 suffi-

340 2006 394 2052 „
409 1975 612 2035 cere.
727 1950 828 2031 Et
881 1971 965 2033 ut
1015 1945 1439 2060 perlegere·
1464 1942 1716 2031 valeas
1768 1971 2017 2058 usque
2057 1946 2262 2030 adeo
2295 1949 2496 2030 curis
2549 1942 3143 2059 pontificialibus
3179 1955 3448 2043 distri--

341 2073 615 2166 „6tus,
679 2061 866 2145 nihil
918 2056 1123 2146 aliud
1171 2065 1329 2146 haec
1396 2057 1714 2170 epistola
1782 2060 2240 2142 continebit.
2357 2063 2564 2143 Nam
2582 2117 2609 2157 ,
2662 2063 2939 2147 auditis
2983 2074 3428 2160 nominibus

342 2200 804 2281 „tantorum
855 2180 1252 2269 auctorum
1300 2175 1707 2271 duntaxat,
1765 2172 2020 2261 facere
2059 2200 2222 2263 non
2271 2178 2608 2286 poteris,
2668 2174 2719 2266 fi
2773 2177 2978 2265 bene
3024 2206 3232 2270 tuam
3259 2193 3427 2301 pie.

218 2282 239 2299 Χ
338 2352 395 2399 ,,
424 2318 657 2380 tatem
703 2297 1098 2391 novimus,
1161 2295 1349 2407 quin
1392 2293 1638 2375 statim
1696 2289 1925 2375 nobis
1968 2283 2402 2377 subvenias;
2461 2317 2608 2374 nec
2668 2287 2821 2378 ulla
2899 2320 3149 2383 rerum
3228 2331 3425 2418 qua.

339 2468 399 2515 ,,
424 2409 920 2525 liumcunque
941 2411 1452 2524 occupatione
1472 2400 2009 2492 difficultateve
2038 2400 2326 2490 valebis
2350 2398 2738 2494 deterreri.
2856 2411 3186 2524 Impressi
3214 2415 3379 2506 sunt
3397 2402 3452 2520 ‚⁶

338 2523 1135 2729 „Patet-sbgatiffime,
1199 2524 1462 2614 nostro
1499 2523 1746 2612 studio
1778 2520 2009 2623 libri,
2073 2526 2207 2640 qui
2256 2526 2337 2611 in
2384 2520 2729 2638 subjec‘tis
2776 2520 2911 2616 suo
2958 2533 3234 2623 ordine
3282 2539 3429 2626 tibi

337 2703 392 2748 „
413 2670 640 2732 recen
673 2671 713 2730 e
775 2669 1024 2732 untur.
1518 2695 1523 2700 -

674 2842 832 2923 Hic
871 2834 1262 2919 exhibetur
1294 2829 1619 2918 elenchus
1656 2852 1951 2942 operum
1982 2828 2073 2914 ab
2104 2832 2272 2942 ''pst-5
2303 2827 2754 2935 excufirum.

625 3019 1008 3116 „Horum
1067 3016 1415 3100 omnium
1470 3005 1952 3096 voluminum
2005 3005 2337 3109 summa,
2426 3035 2514 3098 ut
2550 3034 2679 3099 tua
2736 3015 2976 3126 pietas
3038 3007 3430 3130 perspicit,

340 3140 640 3236 ,‘,Pater
688 3130 1105 3218 beatiffime
1136 3187 1162 3227 ,
1223 3126 1358 3212 nifi
1404 3122 1776 3225 fallimur,
1836 3113 2064 3213 efficit
2110 3130 2458 3215 Codices
2516 3129 2936 3216 duodecies
2983 3125 3195 3220 mille
3241 3164 3435 3250 qua-

342 3253 886 3365 „dringentos
928 3245 1398 3362 septuaginta
1435 3246 1807 3359 quinque,
1872 3267 2229 3330 acervum
2273 3249 2588 3359 quidem
2627 3251 3020 3359 ingentem
3057 3253 3137 3333 &
3173 3253 3434 3352 nobis,

343 3423 400 3467 „
422 3362 987 3481 impressoribus
1036 3369 1236 3460 tuis,
1296 3361 1397 3448 ad
1475 3360 1870 3446 ferendum
1896 3416 1922 3457 ,
2002 3384 2161 3477 qua
2212 3386 2432 3474 parte
2490 3363 2765 3459 restat,
2826 3359 3435 3466 intolerabilem,

247 3551 251 3556 .
345 3510 741 3596 „propter
776 3509 989 3579 eam,
1055 3506 1289 3596 quam
1319 3483 1398 3561 in
1442 3481 1664 3562 initio
1696 3472 2031 3588 epistolar
2066 3473 2496 3591 posuimus,
2559 3467 3093 3566 necestitatem.
3215 3487 3428 3568 Nam

344 3604 684 3706 „ingens
744 3593 1019 3683 sumtus
1074 3597 1174 3681 ad
1213 3599 1497 3681 victum
1551 3589 2047 3690 necessarius,
2166 3589 2618 3710 cessantibus
2689 3599 3156 3695 emtoribus,
3251 3603 3433 3684 terri

347 3712 808 3828 „ampliusa
843 3713 1089 3799 nobis·
1105 3709 1401 3825 nequit.
1519 3711 1619 3794 Et
1652 3735 1996 3795 ementes
2039 3737 2201 3796 non
2234 3711 2400 3797 esse·
2436 3707 2725 3796 nullum
2751 3715 2869 3804 ,est
2905 3720 3199 3827 gravius
3238 3717 3433 3801 testi-

350 3837 815 3930 „monium,
875 3859 1112 3946 quam
1145 3829 1373 3944 quod
1408 3827 1683 3913 domus
1723 3829 2019 3926 nostra,
2080 3825 2245 3914 satis
2295 3839 2613 3944 magna,
2675 3826 2900 3941 plena
2942 3833 3048 3912 est
3091 3837 3434 3942 quintet-

354 3955 769 4046 „nionum,
829 3951 1070 4033 inanis
1101 3975 1351 4033 rerum
1384 3939 1977 4058 necessariarum.
2097 3947 2183 4027 ln
2229 3950 2349 4032 Te
2393 3947 2639 4053 igitur,
2696 3942 3262 4031 clementissime
3292 3953 3433 4037 Pa-

356 4111 410 4158 ,‚
432 4087 586 4164 ter,
647 4070 781 4181 qui
837 4069 917 4151 &
978 4059 1536 4176 sapientiffimus
1592 4058 2261 4175 doctissimusque,
2325 4059 2492 4174 spes
2543 4063 2790 4146 nostra
2843 4059 2973 4147 fita
3022 4062 3172 4163 est,
3231 4068 3436 4154 in‘te

356 4174 927 4275 „subveniendi
981 4183 1249 4266 nostrae
1307 4177 1709 4264 neceffitati
1778 4180 1884 4262 est
1942 4206 2216 4306 copia,
2281 4207 2382 4266 ne
2457 4204 2877 4291 petemus.
2995 4180 3126 4266 Da
3203 4183 3435 4267 nobis

351 4348 410 4393 „
432 4291 827 4383 subsidium
862 4303 964 4383 de
1007 4294 1312 4384 excelso
1369 4299 1655 4382 throno
1718 4297 2114 4400 maiestatis
2159 4321 2329 4382 tuae.
2411 4300 2694 4381 Parati
2759 4295 3003 4382 {umus
3077 4327 3221 4412 pro
3291 4296 3436 4385 cle·

348 4417 728 4520 „mentiae
771 4440 917 4503 tuae
947 4416 1270 4505 arbitrio
1325 4415 1433 4503 de
1491 4415 1745 4501 nostra
1810 4442 2110 4512 merce,
2172 4417 2258 4501 id
2319 4415 2471 4514 est,
2531 4413 2634 4501 de
2679 4413 3036 4530 imprtffis
3092 4422 3437 4530 quintet-
3503 4435 3514 4446 “

1734 4530 1809 4617 G
1880 4557 1921 4644 3
2081 4603 2092 4612 .
3175 4535 3435 4621 nioni-
