4042 5100
1294 288 1305 305 ⁸
1450 356 1539 479 s.
1602 322 2499 431 HlsskoNYMus.
3365 368 3512 449 ως

436 572 601 659 que
636 539 825 628 illud
870 534 1017 622 ess‘e
1050 532 1468 649 subjungit,
1528 534 1753 647 quofl
1796 537 2128 620 maxime
2169 534 2248 616 in
2281 535 2485 616 votis
2519 530 2763 616 fuerat
2803 525 3146 617 Nicolao
3163 529 3504 632 Cusano,

438 655 836 746 Cardinali
871 655 947 740 S.
998 656 1205 739 Petri
1240 656 1339 749 ad
1386 647 1752 748 Vincula,
1832 673 1914 737 ut
1949 653 2301 848 nimgum
2339 648 2490 736 Ars
2523 643 2695 809 illa,
2762 674 2948 767 (με
2980 646 3165 733 oriri
3203 652 3503 851 ωηὲἑτξ

772 1212 833 1256 ,,
847 1162 1266 1266 Significasti
1310 1161 1489 1235 mihi
1527 1184 1759 1254 nuper
1794 1183 1888 1234 ex
1923 1156 2286 1235 Florentia
2321 1183 2569 1236 extare
2604 1163 2696 1236 T.
2735 1162 2927 1236 Livii
2954 1185 3177 1257 opera
3211 1158 3499 1235 venalia

767 1264 1074 1353 „literis
1113 1259 1613 1360 pulcherrimis
1625 1309 1653 1347 ‚
1703 1258 1868 1332 libri
1898 1263 2214 1358 pretium
2239 1257 2379 1333 effe
2404 1262 2652 1336 CXX.
2687 1283 2970 1334 aureos·
3075 1265 3326 1359 Quare
3341 1261 3499 1332 Ma-

773 1360 1170 1457 „jestatem
1206 1380 1409 1433 tuam
1448 1381 1620 1447 oro,
1671 1377 1760 1432 ut
1790 1356 2126 1447 Livium,
2178 1382 2396 1455 quem
2432 1358 2712 1456 Regem
2748 1355 3101 1433 librorum
3139 1355 3500 1456 appellare

779 1506 838 1550 ‚‚
854 1459 1355 1535 consuevimus
1368 1505 1396 1547 ‚
1449 1457 1591 1529 emi
1632 1480 1797 1530 meo
1839 1459 2175 1545 nomine,
2230 1480 2313 1530 ac
2357 1454 2617 1530 deferri
2657 1458 2749 1529 ad
2780 1480 2914 1531 nos
2951 1456 3198 1532 facias.
3302 1458 3496 1532 Inte-

774 1560 989 1651 „rim
1015 1582 1152 1658 ego
1190 1557 1571 1652 pecuniam
1597 1556 2045 1654 procurabo,
2098 1578 2315 1656 quam
2344 1579 2477 1654 pro
2515 1554 2679 1629 libri
2705 1557 2942 1653 pretio
2978 1557 3286 1629 tradam.
3357 1555 3526 1629 Sed.

773 1657 925 1751 ‚,&
951 1654 1129 1729 illud
1178 1656 1219 1728 a
1254 1655 1637 1750 prudentia
1669 1671 1798 1727 tua
1834 1650 2010 1727 scire
2049 1654 2411 1742 desidero,
2459 1673 2627 1727 uter
2652 1678 2831 1754 ego,
2885 1679 2977 1728 an
3000 1656 3318 1755 Poggius
3347 1677 3512 1727 me-.
3545 1728 3602 1773 l

776 1754 988 1849 „lius
1038 1753 1329 1842 fecerit,
1407 1754 1467 1826 is
1514 1771 1603 1827 ut
1657 1750 1908 1849 villam
1955 1750 2335 1829 Florentiae
2386 1773 2701 1862 emeret,
2775 1753 3070 1829 Livium
3122 1754 3492 1840 vendidit,

768 1906 831 2045 3:
847 1848 2468 2048 ffiffiussrfflffissfiPu'ffiffffssefaffilffissss
2486 1907 2548 2023 'a
2584 1853 3499 2048 {ffpssssizssl'ssffisssfflfflz

774 2101 831 2141 ‚‚
847 2052 1197 2139 manitas,
1251 2053 1327 2127 &
1351 2046 1702 2120 modestia
1721 2067 1872 2118 tua.
1974 2046 2165 2119 Vale
2194 2049 2269 2121 &
2295 2050 2687 2141 triumpha.
2702 2097 2760 2137 ‚‚
2861 2050 3015 2124 Vid
3040 2051 3199 2146 ejus
3225 2047 3498 2142 Episto-

744 2147 882 2225 .las
922 2171 1090 2220 cum
1124 2143 1572 2221 orationibus
1610 2142 1688 2215 &
1712 2143 2144 2217 carminibus
2158 2145 2494 2219 Venetiis
2507 2151 2602 2221 A.
2648 2164 2860 2241 1553.
2888 2148 2966 2221 in
2990 2170 3060 2240 4.
3087 2146 3493 2247 evulgatas,

773 2271 849 2344 p.
889 2254 1050 2330 118.
1073 2241 1596 2417 Typographia
1631 2239 1926 2339 quidem
1963 2242 2107 2336 jam
2145 2244 2486 2333 inventa,
2538 2241 2659 2318 sed
2696 2244 2773 2317 in
2799 2242 3006 2320 Italia
3041 2245 3370 2318 nondum
3394 2242 3497 2317 sa-

779 2346 875 2418 tis
903 2345 1234 2441 cognita,
1344 2339 1652 2413 lutarchi
1703 2338 1940 2425 Vitis,
1992 2341 2065 2412 in
2092 2344 2434 2416 Latinum
2475 2343 2878 2418 sermonem
2909 2341 3310 2430 conversis,
3363 2336 3497 2415 sta-

773 2462 1018 2517 tutum
1056 2439 1194 2514 effe
1218 2441 1536 2540 pretium
1562 2439 1881 2511 LXXX.
1911 2462 2335 2529 aureorum,
2385 2443 2723 2516 Donatus
2763 2441 3177 2538 Acciajolus
3203 2439 3497 2515 Florenss

771 2543 877 2617 tia
900 2546 993 2618 A.
1044 2546 1267 2634 1465„
1293 2539 1368 2611 d.
1419 2560 1529 2610 11.
1579 2535 1761 2632 Maji
1799 2535 1891 2607 ad
1936 2537 2283 2636 Jacobum
2309 2541 2534 2617 Card.
2563 2539 3018 2637 Papiensem,
3070 2541 3192 2638 qui
3222 2540 3496 2614 eas‘de-

774 2639 1068 2727 fiderat,
1118 2634 1538 2735 perscripsit.
1575 2633 1729 2710 vid.
1757 2633 1965 2728 hujus
1989 2637 2428 2734 Epistola8‚f.
2463 2659 2629 2734 542.
2660 2641 2736 2714 δι
2760 2637 2953 2714 cons.
2982 2637 3034 2711 f.
3073 2660 3240 2734 539.
3309 2638 3494 2713 Illud

762 2759 1023 2820 ‘autern
1073 2760 1368 2810 omnem
1418 2733 1568 2807 fere
1624 2730 1841 2804 fidem
1907 2736 2226 2825 excedit,
2321 2740 2622 2812 inventa
2658 2738 2807 2833 jam
2845 2739 2971 2810 diu
3010 2739 3496 2853 typographia

764 2833 1214 2911 Bohuslaum
1260 2831 2126 2922 HASSENSTEINIUM,
2199 2833 2653 2935 Musagetam
2705 2834 2805 2909 fiii
2854 2858 2993 2909 aevi
3038 2859 3494 2933 incompara-
3631 2863 3650 2882 ἱ

773 2932 1034 3022 bilem,
1084 2931 1464 3006 Platonem
1501 2929 1892 3017 Graecum,
1964 2946 2115 3003 tum
2152 2931 2448 3032 quidem
2487 2933 2818 3007 nondum
2867 2933 3186 3021 editum,
3238 2932 3360 3008 sed
3399 2935 3490 3008 ab

769 3031 965 3109 Aldo
1006 3031 1338 3107 Manu‘tio
1379 3031 1677 3103 demum
1699 3027 2037 3101 Veneriis
2061 3033 2154 3103 A.
2191 3054 2219 3102 1
2236 3049 2403 3125 513.
2431 3030 2702 3132 publici
2740 3032 2918 3128 juris
2944 3029 3256 3121 facium,
3306 3032 3492 3106 duo·
3644 3081 3664 3116 s

774 3134 914 3204 bus
980 3153 1391 3205 aureorum.
1437 3124 1754 3199 millibus
1822 3124 1942 3199 fibi
1994 3127 2446 3224 comparasse.
2573 3127 2910 3205 Testatur
2960 3131 3035 3204 id
3083 3123 3487 3205 Bohuslaus

769 3231 1235 3306 BALBINUS
1287 3228 1364 3301 in
1411 3227 1746 3322 Epitome
1794 3246 2028 3297 rerun
2075 3227 2630 3301 Bohemicarum
2680 3252 2752 3328 p.
2797 3239 2965 3325 583.
2993 3229 3202 3324 cujus
3230 3253 3326 3303 en
3352 3229 3487 3304 tibi

768 3328 1042 3405 verba:
1092 3374 1148 3415 „
1163 3322 1441 3420 Ulyffes
1481 3324 1558 3398 δε
1597 3321 1868 3397 Plinius
1906 3322 2254 3398 Bohemiae
2294 3324 2697 3423 appellatus
2735 3326 2873 3417 est,
2926 3325 3103 3401 illud
3144 3330 3240 3401 ob
3277 3352 3487 3424 pere·-

774 3425 1290 3522 „grinationes
1329 3447 1460 3519 per
1481 3419 1889 3498 universam
1928 3422 2190 3510 mam,
2241 3425 2643 3517 Europam,
2716 3426 2792 3502 δε
2826 3424 3152 3503 Ali-icam
3178 3426 3486 3525 diligen-

768 3570 826 3614 „
841 3543 954 3597 ter
980 3525 1255 3614 obitas,
1305 3521 1491 3595 istud
1516 3521 1612 3593 ob
1647 3519 2067 3593 varietatem
2104 3516 2486 3611 doetrinae,
2540 3523 2617 3595 ὃ(
2653 3524 2750 3595 ob
2778 3523 3305 3600 Bibliothecam
3329 3550 3486 3601 me-

704 3625 717 3640 '
769 3619 1268 3711 „motabilem
1316 3620 1565 3735 multis
1610 3616 1949 3692 librorun
1996 3615 2316 3692 millibus
2357 3619 2704 3709 divitem,
2759 3621 2977 3698 nullis
3023 3624 3116 3696 ad
3153 3648 3316 3698 eam
3355 3648 3484 3700 au-

761 3766 822 3910 ζζ
838 3717 2260 3914 ξξὲἭέιῗὲἒὲῑῗῖἰίἳξῗὲῗξὲἐὲἓῗ
2283 3716 3481 3919 “ἕῖἒὲἔῗῗὲξζ.ᾟῖἒὲξῇἒὲἶ

762 3915 1069 4007 „farinae
1098 3915 1469 3990 thesaurus
1499 3916 1626 3989 diu
1651 3913 1809 4010 post
1831 3913 2152 3990 Bchuslai
2192 3939 2508 3990 mortem
2532 3923 2626 3993 A.
2665 3941 2692 3990 1
2710 3938 2876 4011 570.
2917 3919 2997 3990 in
3034 3920 3219 3991 arcis
3247 3918 3477 3994 Com-

752 4063 810 4107 „
827 4013 1292 4091 motovienfis
1318 4012 1521 4088 ferali
1549 4014 1912 4087 incendio.
1989 4011 2456 4089 Testamento
2486 4034 2785 4089 caverat
2818 4014 3063 4115 (quod
3100 4016 3177 4088 in
3211 4014 3476 4091 tabulis

752 4116 1057 4217 „Regni
1107 4112 1131 4188 l
1227 4111 1418 4222 itur)
1453 4137 1549 4189 ne
1586 4112 1749 4187 libri
1788 4112 2070 4211 (ejurari
2108 4110 2429 4211 poffent,
2494 4111 2911 4214 legavitque
2947 4112 3475 4193 Bibliothecam

751 4259 810 4302 ‚‚
821 4138 1819 4289 universffiabkoviciomm
1846 4212 2022 4312 genti
2038 4258 2065 4299 ,
2117 4210 2328 4309 cujus
2361 4209 2569 4290 usum
2596 4213 2655 4285 is
2683 4231 2844 4285 tum
2870 4214 3224 4310 temporis
3249 4213 3475 4287 habe.

754 4354 811 4397 „
824 4330 978 4400 ret,
1030 4315 1154 4412 qui
1192 4313 1383 4387 inter
1408 4312 1882 4388 Lobkovicios
1932 4310 2293 4384 emineret
2341 4306 2708 4399 doch-ina,
2773 4310 3257 4412 &ingenium
3282 4312 3475 4388 hisce

742 4405 1069 4499 „studiis
1107 4406 1526 4490 obleetaret.
1552 4457 1612 4508 „
1716 4409 1800 4488 Id
1824 4430 2052 4486 umen
2076 4405 2309 4504 ipsum
2331 4410 2557 4495 etiam
2580 4407 2969 4490 confirmat
2999 4409 3468 4590 Bibliotllileacfiae

1042 4539 1049 4554 .
1624 4581 1631 4584 Λ
2491 4579 2500 4584 ⁸
2715 4553 2728 4562 ,
3440 4551 3475 4602 3
3565 4548 3589 4584 l
