4042 5100
1424 366 1499 452 S,
1544 371 2477 473 HJERONYMUS
3127 460 3144 474 ⁸
3352 394 3487 473 103

401 557 698 651 Praefat.
739 559 841 646 ad
869 554 1397 645 Veronenlem
1430 560 1888 670 Hieronymi
1913 556 2365 642 Editionem
2386 612 2414 654 ,
2476 555 2560 642 id
2616 553 2903 670 ipsum,
2963 558 3189 671 quod
3237 559 3499 644 Simo-

403 683 623 777 nius,
678 676 783 764 de
849 671 1307 761 Novarienfi
1363 670 1859 760 'Bibliotheca
1911 673 2255 787 prodens
2278 728 2307 772 ,
2388 677 2841 788 Peregrinus
2892 673 3287 759 Antonius
3339 679 3500 759 Or-

401 792 677 886 landus
717 794 823 880 de
861 796 1077 899 Orig.
1116 797 1194 877 &
1231 790 1600 896 Progress.
1647 791 2257 905 Typographiae,
2314 816 2404 876 ac
2438 790 2755 877 demum
2795 788 3105 878 Author
3133 787 3498 894 Catalogi

402 915 662 1026 Regia
695 907 1116 996 Parifiensts
1150 903 1653 995 Bibliothecae
1682 900 2020 1023 Impreffi
2077 911 2277 994 Part.
2333 909 2394 992 Ι.
2506 914 2722 993 Unus
2772 911 2901 1012 Jo.
2954 905 3320 991 Albertus
3357 915 3500 994 Fa-·

404 1030 683 1115 bricius
719 1034 801 1113 in
836 1022 1209 1112 Biblioth.
1252 1026 1420 1110 Lat.
1448 1030 1661 1109 ‘Par-t.
1686 1026 1779 1108 ΙΙ.
1832 1023 2051 1109 binas
2080 1018 2244 1110 illas
2285 1022 2692 1112 Editiones
2730 1051 2877 1139 pro
2922 1051 3121 1121 una,
3183 1024 3503 1110 eadem

404 1171 564 1260 que
604 1144 942 1243 habens,
1007 1147 1343 1256 priorem
1384 1164 1682 1233 tantum
1717 1146 2056 1228 Tomum
2099 1143 2359 1228 datum
2387 1140 2619 1228 tradit
2672 1168 2795 1227 an.
2855 1150 3073 1250 1468.
3116 1143 3499 1255 posterius

328 1320 333 1329 ‹
397 1288 566 1347 rem
601 1286 791 1347 vero
829 1290 951 1346 an.
996 1281 1255 1373 1470.
1376 1264 1561 1373 Qua
1597 1282 1855 1346 autem
1899 1260 2007 1353 de
2039 1254 2257 1346 causa
2284 1258 2659 1345 adduam
2693 1258 2823 1345 hic
2872 1261 3106 1344 luerit
3142 1260 3244 1343 ad
3277 1255 3497 1346 aliter

397 1383 479 1464 in
515 1380 655 1464 hac
682 1405 766 1464 re
800 1374 1417 1474 existimandum,
1481 1403 1713 1490 quam
1744 1371 2029 1462 laudati
2070 1371 2178 1459 illi
2218 1377 2691 1489 ScriptoreS,
2753 1403 2919 1459 non
2969 1371 3255 1492 liquet,
3321 1373 3500 1460 nul-

396 1490 751 1608 lama'pso
784 1496 967 1579 dieti
1000 1491 1105 1578 sui
1142 1496 1523 1578 rationem
1557 1488 1951 1578 afferente.
2027 1494 2449 1590 'Neutram
2479 1516 2646 1598 ego·
2669 1494 3126 1599 {carentiam}
3164 1497 3495 1579 omnino

332 1664 341 1673 -
400 1610 785 1723 probans,
848 1608 1234 1697 censerem
1280 1637 1525 1707 annos
1555 1604 1734 1694 illos
1780 1618 2010 1718 1468.
2046 1616 2421 1719 &,147o.
2469 1614 2578 1696 ita
2622 1609 2838 1699 binas
2897 1611 3302 1695 Editiones
3347 1611 3504 1695 def-r

398 1724 728 1841 (ignare,
791 1750 872 1813 ut
906 1732 1208 1812 unicam
1239 1722 1456 1812 fimul
1497 1723 1934 1833 defignent,
1999 1730 2216 1813 vario
2253 1751 2552 1815 tantum
2588 1729 2963 1838 temporis
3008 1725 3300 1812 indicio
3341 1752 3504 1811 no«

398 1866 658 1931 taram.
793 1849 1237 1962 Utramque·
1289 1846 1369 1928 in
1433 1843 1601 1929 duo
1646 1840 2070 1931 Volumina
2128 1843 2558 1935 distinctam
2615 1840 2876 1942 fuiffe,
2935 1868 3205 1929 contra
3256 1870 3496 1957 quam

396 1954 673 2050 scribit·
698 1961 1125 2059 Fabricius,
1187 1984 1482 2046 certum
1517 1958 1990 2068 reddunt-ea
2054 1956 2210 2072 ipsa
2265 1956 2728 2061 Volumina,
2791 1988 2955 2046 non
3012 1965 3116 2047 ita
3172 1962 3498 2077 quidem

399 2104 562 2165 rara
577 2132 611 2175 „
666 2105 836 2193 quae
866 2075 1273 2188 praeferunt
1332 2087 1598 2158 n'otam
1662 2068 1839 2159 anni
1901 2105 2141 2183 1470·
2200 2080 2486 2159 rariora
2546 2104 2782 2172 vero„
2841 2104 3014 2191 quae
3082 2073 3306 2163 aliam
3361 2105 3504 2165 an.-

409 2204 649 2303 1468.
683 2194 1094 2289 exhibent,
1146 2190 1675 2297 <cujuscemodi
1697 2193 1779 2275 in
1827 2192 2132 2279 Veneta
2175 2193 2255 2277 S.
2297 2194 2548 2280 Marci
2577 2186 3105 2290 Bibliotheca,
3168 2218 3506 2282 necnon

400 2313 482 2395 in
516 2306 957 2397 Sublacenfi
989 2301 1593 2397 &Scholastica
1618 2307 2039 2395 Coenobio
2069 2312 2429 2422 reperiri,
2488 2312 2712 2399 certis
2761 2309 3248 2399 documentis
3301 2310 3500 2397 mihi

351 2478 354 2482 Δ
398 2429 762 2515 innotuit.
881 2431 990 2510 Ut
1018 2449 1279 2510 autem
1311 2423 1531 2508 binas
1565 2419 1730 2510 illas
1781 2426 2185 2511 Editiones
2227 2425 2328 2510 ad
2363 2427 2661 2512 unicam
2695 2428 3083 2541 redigam,
3147 2430 3226 2511 in
3266 2422 3485 2511 causa

398 2543 608 2644 sunt,
668 2572 841 2658 quae
884 2539 1318 2658 sequuntur.
1370 2599 1379 2604 -
1460 2544 1758 2628 Tomus
1809 2544 2058 2652 prior,
2120 2541 2272 2628 five
2322 2568 2442 2628 an.
2517 2557 2757 2651 1468.
2819 2541 3158 2630 live‘an.
3240 2570 3492 2657 1470.

401 2688 761 2760 notatuS,
820 2666 1118 2750 unicam
1160 2664 1354 2763 gerit
1393 2653 1805 2746 Alerienfis
1845 2656 2207 2772 Episcopi
2261 2659 2361 2743 ad
2404 2659 2856 2747 PAULUM
2902 2663 2998 2744 11.
3071 2657 3496 2771 Epistolam
3621 2721 3628 2734 ·

401 2781 1082 2890 nuncupatoriam,
1143 2782 1223 2858 &
1259 2783 1561 2860 unicam
1597 2779 1895 2860 Tomus
1934 2777 2355 2886 posterior,
2417 2782 2498 2861 δε
2546 2772 2706 2890 ipse
2757 2804 2929 2863 cum
2997 2803 3319 2892 utraque
3363 2776 3500 2867 illa

401 2918 614 2980 nota.
734 2896 1044 2977 Neutra
1087 2916 1277 2975 vero
1313 2885 1653 3002 Epistola
1693 2886 2083 3004 duplicem
2117 2891 2564 2978 Editionem
2599 2920 2698 2978 ne
2732 2892 2980 2978 verbo
3014 2897 3332 3008 quidem
3369 2902 3490 2982 in-
3569 2937 3572 2942 ·

401 3011 652 3108 dicat,
714 3006 842 3094 sed
905 3003 1291 3119 duplicem
1368 3030 1662 3092 tantum
1729 3010 2114 3105 Tomum,
2175 3013 2253 3093 δε
2318 3009 2640 3124 quidem
2709 3036 2884 3095 cum
2953 3003 3221 3122 aliquo
3291 3015 3496 3098 inter.

402 3134 792 3241 utriusque
840 3119 1441 3235 publicationem
1519 3129 1891 3235 temporis
1938 3119 2369 3216 intervallo.
2528 3126 2778 3212 Credi
2848 3149 3103 3214 autem
3171 3132 3498 3215 minimo

401 3247 697 3357 potest,
756 3240 992 3354 ipsum
1060 3236 1536 3339 Aleriensem
1564 3294 1590 3337 ,
1651 3239 1704 3324 fi
1766 3241 1938 3352 post
2016 3243 2466 3327 adornatam
2521 3244 2967 3328 Editionem
3027 3271 3146 3328 an.
3244 3259 3491 3352 1468.

405 3359 626 3446 aliam
663 3387 756 3442 ex
805 3364 1110 3464 integro
1137 3351 1566 3442 adornasset
1600 3382 1720 3440 an.
1767 3386 2011 3467 1470.
2068 3359 2344 3444 iisdem
2395 3361 2931 3474 Typographis
2988 3358 3203 3457 υἷας,
3265 3370 3340 3446 &
3379 3368 3492 3449 ei-

403 3474 589 3560 dem
620 3471 973 3560 Pontifici
1035 3501 1519 3587 nuncupans,
1580 3474 1983 3585 posteriori
2043 3475 2392 3559 Editioni
2443 3503 2731 3561 novam
2783 3474 3199 3589 Epistolam
3256 3480 3494 3592 adap-'

400 3615 566 3679 tare
613 3586 1061 3705 neglexisse:
1125 3619 1273 3706 qua
1331 3598 1412 3675 δε
1465 3591 1907 3703 posterioris
1982 3593 2365 3704 Editionis
2405 3590 2748 3690 causam,
2811 3601 2889 3678 δε
2945 3593 3362 3681 adhibitam
3404 3603 3491 3680 in

399 3708 747 3797 secundis
782 3704 928 3795 illis
983 3712 1177 3793 curis
1224 3705 1746 3814 diligentiam,
1808 3703 2383 3909 impensamque
2440 3734 2485 3794 a
2539 3712 3080 3823 Typographis
3142 3735 3494 3817 magnam

402 3853 750 3954 pecumae
789 3829 990 3922 vim,
1044 3827 1154 3911 ob
1191 3822 1926 3930 magnae-molis‘Vo
1961 3830 2214 3912 nmina
2263 3833 2464 3913 intra
2513 3823 2915 3912 biennium
2949 3826 3156 3925 cusa,
3221 3834 3299 3912 &
3367 3855 3493 3914 re-

400 3941 616 4044 cusa,
682 3939 1047 4028 Pontifici
1074 3943 1176 4046 de
1209 3969 1433 4029 more
1474 3968 1896 4031 enarrarem
1955 3939 2143 4027 nihil
2202 3948 2408 4031 enim
2474 3940 2946 4058 frequentius
3013 3946 3116 4027 in³
3142 3948 3233 4028 iis
3297 3941 3496 4030 Ale-

402 4059 665 4145 rienfis
702 4058 1060 4175 Epistolis
1127 4054 1448 4173 legitur,
1523 4086 1757 4175 quam
1830 4055 2184 4145 laborum
2243 4058 2544 4147 suorum
2602 4069 2681 4145 in
2745 4059 3015 4144 iisdem
3092 4061 3490 4163 curandis,

400 4179 1332 4377 Typoggzphicorumque
1363 4174 1796 4288 sumptuum
1829 4182 2514 4276 commemoratio,
2575 4178 2787 4262 unde
2837 4174 3284 4300 Pontifici&
3314 4206 3496 4293 erga

400 4288 483 4380 se
526 4296 681 4408 ben
780 4307 787 4320 '
826 4298 1047 4380 'enriae
1084 4300 1367 4403 majora
1397 4299 1475 4378 in
1511 4295 1676 4380 dies
1712 4315 2150 4399 argumenta
2166 4299 2624 4408 impetraret.
2745 4295 3196 4390 Sententiae,
3258 4323 3495 4411 quam

401 4407 948 4546 adstruximus«,
1006 4407 1291 4512 firmius
1350 4410 1604 4502 adhuc
1660 4438 2146 4518 momentum
2183 4414 2499 4522 accedet
2574 4439 2672 4530 ex
2733 4410 2959 4536 binis.
3011 4408 3161 4502 illis
3203 4414 3498 4613 Epistlo·

986 4557 999 4570 ²
1364 4557 1373 4570 ‘
3427 4553 3493 4618 18
