4042 5100
580 363 720 417 110
1592 315 2629 413 SIH11-3R0NYMtts.

573 550 730 631 qua
781 528 924 600 vix
983 527 1271 629 viginti
1315 525 1561 598 aureis
1597 522 1859 600 leHuri
1937 518 2497 611 mercabantur,
2557 538 2922 625 quatuor,
2984 517 3077 596 δῖ’
3133 519 3404 596 vilius
3429 482 3668 599 etiam

576 666 769 721 nunc
828 655 1197 719 emantur.
1183 640 1218 699 ἕ
1275 637 1539 730 Adde,
1596 637 1793 746 quod
1828 636 2186 745 quidquid
2241 641 2704 743 ingeniorum
2756 635 2931 713 olim
2971 633 3189 731 suit,
3247 632 3661 742 latebatque

561 774 752 864 pene
777 760 857 835 in
887 757 1243 860 pulvere,
1307 758 1401 837 δι’
1449 760 1671 832 tineis
1700 770 2013 859 propter
2053 750 2424 851 immenstn
2466 749 2745 831 labores
2765 802 2793 845 ‚
2851 777 2939 828 ac
2986 755 3218 829 nimia
3255 749 3658 852 describen-

566 879 772 953 tium
793 874 1086 975 pretia,
1119 872 1267 972 fieb
1308 889 1434 950 tuo
1468 872 1906 974 Princtpatu
1945 887 2246 974 captum
2279 874 2374 966 est
2386 870 2773 967 scaturire
2791 919 2818 962 ,
2879 867 2974 946 ἔθ’
3000 885 3138 971 per
3194 894 3469 947 omnem
3511 869 3661 947 Or·

577 986 738 1068 bem
775 984 1142 1068 uberrimo
1157 988 1383 1087 fimte
1434 987 1783 1083 diffluere.
1905 985 2285 1091 Ejusmodi
2326 991 2420 1083 ιβ
2454 991 2644 1063 enim
2680 986 3178 1088 Imprefforum
3221 989 3662 1082 nostrorum,

586 1105 688 1185 ἔθ’
735 1102 1177 1183 chan-afferes
1232 1104 1729 1211 effingentium
1778 1105 2228 1198 artificium,
2306 1120 2392 1180 ut
2452 1108 2595 1179 vix
2644 1107 2846 1180 inter
2899 1097 3270 1178 hominum
3310 1106 3666 1194 inventa,

583 1247 730 1303 non
767 1220 970 1303 modo
1002 1248 1236 1313 nova,
1266 1222 1412 1322 fid
1440 1248 1530 1301 ne
1566 1237 1822 1299 vetera
1851 1219 2179 1328 quidem,
2239 1216 2595 1325 quidquid
2619 1206 3155 1297 exceBentioris
3181 1222 3472 1297 inventi
3489 1216 3662 1322 pos-‘-

562 1338 653 1440 s
615 1354 682 1414 t
729 1337 1030 1435 referri.
1098 1338 1403 1447 Digne
1453 1333 1911 1430 honoranda,
1967 1327 2228 1435 facul
2200 1337 2396 1443 sque
2450 1332 2772 1413 omnibus
2822 1337 3074 1441 magni
3101 1333 3448 1432 facienda
3473 1353 3667 1438 pro-

576 1452 771 1553 feHo
843 1453 1246 1532 Germania
1309 1459 1467 1569 ιβ,
1537 1455 1963 1534 utilitatum
2021 1457 2415 1532 inventrix
2467 1455 2982 1530 maximarum.
3079 1452 3268 1529 Hoc
3329 1454 3426 1547 est
3476 1450 3678 1556 quod

562 1570 859 1673 semper
899 1573 1026 1677 glo
1034 1573 1223 1670 riofiz
1274 1574 1447 1663 ina,
1513 1570 1609 1652 &⁴
1658 1571 1825 1648 calo
1878 1567 2104 1675 digna
2151 1571 2433 1646 Anima
2477 1569 2781 1647 Nicolai
2825 1568 3179 1668 misensis,
3247 1566 3668 1646 Cardinalir

592 1685 671 1765 S.
718 1685 937 1765 Petri
973 1687 1074 1765 ad
1125 1687 1228 1767 V
1226 1689 1479 1779 ncula
1519 1683 1962 1792 peroptabat
1974 1736 2002 1779 ‚
2066 1703 2155 1761 ut
2182 1682 2329 1765 baec
2366 1684 2623 1763 Sanbia
2656 1687 2868 1776 Ars,
2923 1714 3077 1792 quoe
3111 1688 3309 1761 oriri
3338 1701 3514 1762 tunc
3543 1688 3663 1761 vi-

590 1799 900 1882 debatur
934 1810 1015 1881 in
1063 1804 1504 1895 Germania,
1588 1803 1891 1881 Romam
1943 1800 2438 1883 deduceretur.
2561 1800 2746 1904 Jam
2790 1818 2970 1879 vota
3018 1804 3253 1892 iuius,
3344 1805 3476 1906 qui
3520 1798 3622 1877 Te
3631 1849 3668 1893 ,

589 1913 1212 1998 BEATISSIME
1260 1915 1643 2011 PATER,
1701 1934 1788 1995 ut
1818 1919 2173 2022 pupiHam
2210 1920 2404 1997 oculi
2425 1917 2562 2016 fiti
2615 1919 2934 2008 dilexit,
2994 1920 3224 1999 coluit
3249 1968 3274 2009 ‚
3333 1914 3672 1994 admira·

592 2048 718 2113 tus
775 2038 872 2129 ιβ
886 2087 911 2128 ,
996 2035 1205 2115 credo
1257 2035 1407 2141 ipso
1461 2035 1563 2115 ad
1595 2061 1837 2143 genua
1866 2034 2181 2113 Domini
2221 2038 2451 2130 nostri
2495 2032 2670 2137 Jelu
2725 2029 2996 2141 Christi
3044 2031 3190 2112 bac
3200 2034 3605 2139 flagitante
3637 2081 3675 2125 ,

594 2167 726 2228 tuo
758 2167 1075 2256 tempore
1105 2154 1406 2256 impleta
1416 2151 1630 2251 stent.
1762 2152 1955 2229 Tuus
1985 2151 2471 2244 Pontificatus
2498 2156 2783 2232 caeteris
2817 2179 2913 2230 ex
2933 2147 3280 2254 partibus
3305 2145 3671 2255 gloriosis?-

572 2267 810 2369 fimus
823 2317 860 2358 ,«
909 2265 1043 2346 bac
1058 2271 1266 2376 Arte
1296 2268 1398 2348 ad
1427 2287 1588 2346 tuos
1593 2268 1886 2367 ιΙῖιιιιξῖοι
1905 2267 2123 2370 pedes
2150 2266 2443 2345 advecta
2468 2319 2495 2360 ,
2554 2264 2987 2347 oblivionem
3025 2272 3105 2345 in
3135 2263 3501 2344 hominum
3533 2290 3678 2342 me-

591 2386 839 2461 moria
900 2405 1260 2489 nunquam
1320 2391 1678 2488 accipiet,
1761 2385 1908 2480 nist
1930 2384 2015 2480 st
2066 2383 2344 2487 quando
2406 2385 2530 2481 ff
2579 2382 2844 2482 definet
2910 2387 3179 2461 mentio
3244 2384 3661 2462 literarum.

586 2500 960 2605 Magnum
1016 2504 1110 2597 ιβ
1180 2501 1279 2577 Τι
1327 2502 1656 2585 Veneriis
1696 2516 1952 2578 natum
1999 2526 2096 2575 ex
2139 2500 2519 2600 clariffi'ma
2564 2496 2971 2578 Barbarum
3003 2500 3292 2592 Domo,
3356 2498 3677 2606 Eugenii

597 2620 879 2722 quarti
886 2614 1288 2708 Pontificis
1322 2618 1674 2721 Nepotem
1690 2666 1719 2709 ‚
1775 2631 2002 2696 tanta
2037 2614 2247 2709 Sedi,
2304 2619 2510 2723 quast
2525 2614 2712 2720 jure
2755 2612 3201 2696 hereditario
3246 2616 3675 2713 Pontificem

596 2732 1020 2810 Maximum
1028 2715 1475 2834 fitccffffe5
1536 2758 1916 2841 magnum,
1971 2731 2168 2838 quod
2178 2733 2503 2839 gravida
2533 2730 2733 2813 benis
2767 2732 3038 2829 Italia,
3100 2752 3244 2812 tua
3274 2733 3668 2829 industria»,

601 2843 1214 2956 authoritatffque
1251 2850 1762 2930 medicamento
1797 2850 2086 2928 tandem
2123 2846 2565 2930 abortivit·
2528 2879 2565 2947 ,-
2625 2861 2966 2957 magnum
2981 2902 3009 2942 ,
3083 2850 3275 2957 quod
3314 2850 3430 2943 id,
3487 2846 3685 2956 quod

599 2970 892 3043 cateris
943 2964 1419 3060 Pontificibus
1435 3017 1463 3059 ‚
1518 2969 1648 3047 vel
1686 2984 1918 3045 metus
1976 2963 2255 3045 tribuit
2279 3019 2304 3059 ,
2387 2968 2516 3046 vel
2566 2963 2936 3075 quodlibet
2981 2967 3430 3061 artificium,
3504 2958 3679 3043 Tibi

609 3078 1013 3160 Clementia
1025 3084 1193 3182 sola
1226 3098 1356 3161 tua
1370 3137 1396 3177 ‚
1457 3081 1554 3164 δι’*
1589 3075 1958 3163 bominum
2005 3083 2344 3163 ultronea
2384 3084 2667 3181 afflato
2708 3082 3110 3164 contulerit
3127 3135 3151 3174 ,
3216 3084 3310 3164 δι’
3334 3087 3598 3190 gratia
3638 3106 3706 3176 ,·.

602 3222 948 3302 magnum
965 3250 991 3291 ‚
1050 3198 1244 3305 quod
1277 3199 1630 3279 Conclave
1667 3200 2018 3306 ingreffus
2032 3252 2058 3291 ‚
2103 3203 2329 3304 prius
2358 3200 2720 3299 Pontifix
2751 3205 2971 3296 existi
2986 3251 3012 3293 ,
3073 3201 3506 3299 defideratus
3537 3188 3704 3274 om?

601 3309 858 3405 nibus,
912 3315 1126 3417 quam
1166 3320 1475 3398 initium
1513 3316 1872 3397 Elebi‘ioni
1890 3317 2183 3413 fabium
2203 3333 2605 3420 putaretur
2630 3346 2663 3411 ;
2724 3321 3062 3423 magnum
3078 3370 3103 3411 ‚
3164 3315 3360 3423 quod
3397 3313 3496 3393 ad
3511 3315 3680 3421 glo-

609 3431 805 3506 riam
854 3430 1097 3537 Regni
1123 3434 1429 3534 pacifici
1472 3433 1874 3512 Salomonis
1922 3435 2319 3512 Romanam
2369 3429 2714 3538 provehis
2770 3429 3155 3534 Ecclesiam
3184 3462 3219 3529 ,⁰
3298 3457 3638 3538 magnum
3651 3483 3678 3523 ,
3793 3516 3810 3529 ,

605 3543 807 3653 quod
857 3547 1286 3650 corruptela·
1304 3599 1328 3638 ‚
1390 3550 1489 3629 ’δι’
1536 3550 1906 3642 Simonia‚
1970 3550 2066 3630 δι’
2113 3548 2487 3628 ΒιιΠανιιιιι
2524 3550 2755 3655 super
2788 3550 3029 3629 Budas
3095 3550 3481 3632 involucra
3494 3600 3550 3641 ,λ
3599 3551 3684 3624 in

607 3676 745 3742 tua
794 3660 1023 3741 Curia
1082 3678 1209 3741 tuo
1266 3681 1583 3769 tempore
1638 3695 1726 3745 ne
1776 3670 2254 3745 nominantur
2293 3666 2578 3774 quidem
2618 3695 2655 3763 ,·
2716 3667 3052 3773 magnum
3094 3667 3393 3772 denique
3410 3719 3435 3758 ‚
3496 3660 3694 3771 quod

608 3774 868 3885 absque
913 3783 1114 3859 omni
1139 3783 1462 3886 strepitu
1496 3787 1737 3860 omnia
1773 3779 2289 3889 gubernantur
2311 3779 2459 3883 sub
2500 3785 2878 3888 Auspiciis
2892 3838 2918 3878 ‚
2983 3786 3078 3866 ἐφ’
3121 3781 3506 3888 Majefiate
3540 3797 3686 3858 tua

492 3895 497 3901 ’
616 3891 1053 3976 SanHitatis
1106 3897 1201 3979 δι’
1258 3896 1453 4004 quod
1509 3899 1610 3975 Te
1663 3899 2018 3993 Pontifice
2069 3904 2271 3977 inter
2319 3900 2672 3979 Praelatos
2717 3928 2918 3980 nemo
2970 3905 3066 4000 ιβ
3111 3896 3690 3979 intolerabiliter

593 4029 906 4119 pauper.
997 4029 1000 4033 ’
1037 4015 1312 4094 Verum
1357 4012 1488 4094 hoc
1530 4042 1802 4122 quoque
1851 4042 2192 4122 magnum
2239 4021 2376 4112 est,
2455 4013 2795 4099 PATER
2853 4012 3527 4108 BEATISSIME,
3590 4013 3688 4094 85‘

616 4125 780 4208 Deo
829 4127 1312 4233 amabiltffi'me
1348 4133 1759 4232 Pontifex,
1815 4130 2010 4241 quod
2049 4150 2174 4212 tuo
2213 4150 2578 4239 tempore,
2655 4146 2797 4214 non
2846 4141 3083 4215 minus
3118 4135 3321 4215 valet
3345 4151 3527 4238 pene
3547 4148 3692 4236 pa-

592 4261 841 4352 pyrus
868 4273 1140 4338 vacua,
1202 4251 1297 4330 ἐφ’
1345 4250 1578 4341 nuda,
1628 4268 2201 4358 pergamenave,
2259 4277 2473 4360 quam
2511 4247 2719 4332 bodie
2764 4253 3187 4358 optatiffi‘mi
3227 4246 3413 4332 libri
3450 4272 3695 4340 eman·

610 4375 776 4444 tur.
905 4361 1247 4445 Glorioti
1295 4394 1438 4448 non
1492 4373 1865 4452 immerito
1894 4366 2086 4471 fitnt
2135 4367 2514 4476 Principes
2567 4371 2893 4451 uonnuBi
2903 4422 2936 4469 ,
3009 4369 3206 4483 quod
3231 4368 3499 4471 saccus
3551 4383 3698 4566 nlon

2659 4517 2673 4532 =
3462 4506 3582 4562 mu
3614 4495 3690 4562 to
