4042 5100
400 260 411 267 -
532 324 629 404 88
960 316 969 321 ’
1617 317 1787 393 -Μ,
1862 315 2418 395 TULLIUS

1038 434 1043 441 ι

538 499 839 579 Civium
855 505 1199 595 invitati,
1219 499 1457 579 eodem
1472 497 1727 606 ubique
1740 518 2048 609 argento
2065 517 2389 605 acceptos
2407 498 2614 598 ffse
2630 474 3549 599 nffnt,dixff2ftruntiar
3569 533 3600 581 .-

542 616 737 697 Vere
764 617 1103 695 concordi
1177 611 1366 696 niam
1398 619 1887 697 Romanorum
1911 635 2206 725 gentem
2249 620 2377 717 ff
2398 670 2424 710 ‚
2487 614 2615 695 ubi
2673 616 3018 697 Proceres
3076 618 3317 696 cunHi
3367 618 3609 698 eodem

531 749 924 811 uterentur
957 749 1289 839 argento.
1404 733 1558 814 Par
1597 735 1888 842 aliquid
1894 739 2217 838 posteros
2266 733 2352 815 de
2399 731 2604 812 nobis
2654 732 2973 816 diHuros
3021 761 3232 828 reor,
3285 734 3454 813 dum
3517 735 3607 815 li-

533 846 702 929 bros
731 853 1003 946 nostros
1038 869 1192 928 tam
1219 853 1486 930 multos
1509 903 1537 945 ‚
1595 879 1684 933 ac
1745 855 2039 944 varios,
2098 852 2341 933 veluti
2403 878 2547 931 una
2601 850 2696 938 θ’
2751 877 2966 931 manu
2989 844 3030 945 ‚'
3079 852 3173 935 θ’
3238 847 3423 930 bora
3481 849 3605 930 de·

504 965 839 1070 scriptos
878 968 1004 1065 ff'
1026 967 1472 1075 perspicient
1486 1022 1512 1062 ‚
1573 984 1945 1075 totumque
1985 984 2127 1048 tua
2188 965 2520 1049 tribuent
2560 972 2847 1049 virtuti
2881 969 3287 1051 immortali
3300 1020 3327 1060 ‚
3388 982 3607 1047 oeter-

532 1108 774 1189 naquc
801 1080 1288 1177 beatitudini,
1327 1082 1487 1183 fieb.
1512 1081 1720 1188 cujus
1759 1084 2076 1189 auspicio
2093 1137 2119 1179 ‚
2184 1085 2278 1164 ἐφ’
2345 1087 2637 1165 numine
2687 1100 2976 1162 tantum
3010 1083 3606 1189 praestantiffi’mo-

538 1225 706 1276 rum
743 1201 1191 1278 voluminum
1225 1203 1630 1299 emifforum
1665 1218 1817 1278 tam
1854 1221 2094 1305 parvo
2137 1218 2454 1304 tempore
2481 1204 2678 1277 mira
2708 1200 3106 1299 suavitate‘
3148 1197 3603 1283 leHitabunt.

534 1313 727 1394 Ecce
782 1319 1136 1416 emisimus
1197 1315 1701 1409 difficiuimum
1746 1318 2235 1422 Epistolarum
2287 1317 2663 1395 Ciceronis
2726 1316 2832 1401 ,nd
2886 1320 3240 1396 Atticum
3285 1335 3455 1422 opus
3503 1317 3605 1398 δι’

530 1432 789 1510 multis
831 1437 912 1510 in
932 1430 1278 1537 partibus
1292 1487 1316 1526 ,
1372 1434 1569 1541 quod
1588 1438 1786 1513 notis
1806 1431 2378 1532 secretioribus,
2446 1433 2543 1513 85·
2589 1437 2796 1515 inter
2849 1434 3298 1545 pauctffi'mos
3350 1437 3603 1539 cogni-

533 1555 640 1626 tis
681 1548 983 1653 scripta
1024 1549 1219 1649 sunt
1264 1551 1544 1632 littera
1573 1604 1599 1649 ,
1660 1577 1805 1629 non
1843 1549 2049 1649 satis
2101 1550 2533 1630 inteHeHum
2549 1601 2576 1642 ,
2634 1555 2720 1630 in
2761 1557 3148 1657 paucitate
3183 1549 3604 1657 prasertim

534 1666 1183 1769 exemplariorum,
1242 1693 1397 1772 qua
1434 1684 1570 1745 aut
1600 1692 1740 1746 non
1769 1667 1945 1759 funt
1994 1667 2190 1772 apud
2227 1664 2576 1746 liberales‘
2606 1668 2972 1774 eroganda
2994 1719 3022 1761 ‚
3079 1686 3214 1745 aut
3260 1663 3365 1744 ab
3405 1669 3604 1747 invi-

540 1779 659 1859 dis
682 1788 1049 1861 communi
1073 1779 1438 1863 bominum
1472 1782 1633 1866 odio
1677 1784 2166 1863 occultantur.
2281 1781 2631 1889 Equidem
2684 1779 2819 1862 hac
2875 1788 2955 1867 in
2976 1800 3196 1887 parte
3237 1787 3607 1892 precipue

536 1893 840 2001 adjutus
868 1895 959 1976 ab
991 1898 1500 2005 eleganttffi'mo
1527 1951 1556 1993 ,
1617 1899 2151 2007 dignffmoque
2180 1900 2447 1996 fratre
2479 1915 2606 1978 tuo
2664 1898 2910 1983 SanHi
2945 1897 3388 2007 Chrysogoni
3428 1899 3604 1979 Car·

422 2024 431 2027 ’
535 1986 781 2092 dinale
810 2012 1179 2119 Papiensi‚
1238 2032 1480 2094 tamen
1515 2020 1641 2123 egi
1673 2034 2022 2121 quantum
2053 2021 2135 2095 in
2171 2042 2252 2096 re
2300 2032 2528 2097 tanta·
2584 2014 3045 2110 difficultatis
3062 2070 3090 2109 ,
3154 2014 3248 2099 ἓν
3263 2008 3605 2113 tenebra*-

538 2154 705 2208 rum
727 2137 968 2235 potui.
1086 2132 1337 2240 Neque
1348 2133 1492 2229 fui
1527 2133 1616 2211 id
1657 2139 1854 2213 circo
1878 2132 2193 2239 segnior
2236 2136 2320 2211 in
2358 2129 2711 2232 juvandis
2746 2154 2893 2238 pro
2947 2134 3175 2212 virili
3220 2130 3556 2231 studiosis
3571 2180 3601 2224 ‚

531 2244 732 2353 quod
757 2249 1049 2352 quidam
1080 2249 1431 2328 dicuntur
1471 2245 1657 2327 mihi
1712 2246 2077 2353 (utinam
2098 2246 2301 2346 falso
2321 2299 2345 2340 ‚
2407 2275 2652 2328 eorum
2689 2246 2862 2351 jam
2903 2248 3322 2358 quicumque
3334 2247 3522 2347 fient
3536 2239 3602 2350 )

543 2363 893 2466 Epistolas
928 2390 1117 2441 meas
1144 2383 1269 2441 tuo
1307 2369 1629 2452 nomini,
1687 2369 2106 2467 numinique
2140 2363 2418 2442 dicatas
2450 2392 2486 2438 e
2503 2365 2775 2462 fronte
2800 2363 3156 2442 librorum
3197 2360 3598 2445 detrahere.

537 2481 630 2556 In
662 2507 798 2585 quo
818 2530 845 2571 ‚
900 2478 1095 2589 quod
1112 2478 1214 2557 ad
1241 2505 1350 2557 me
1390 2484 1713 2568 attinet,
1772 2480 1918 2556 iuis
1942 2474 2158 2558 habeo
2200 2478 2590 2573 mirificam
2636 2486 2972 2588 gratiam
2991 2533 3016 2574 ,
3072 2481 3265 2588 quod
3290 2497 3441 2560 tam
3488 2478 3602 2559 be-

435 2663 440 2668 .
532 2599 762 2702 nigne
790 2594 874 2672 de
906 2591 1268 2674 laboribus
1296 2600 1474 2678 meis
1494 2591 1894 2698 judicant,
1954 2612 2044 2673 ut
2101 2601 2572 2702 quantumvis
2618 2624 2734 2675 eos
2787 2597 3083 2678 oderint
3105 2648 3134 2690 2
3179 2624 3428 2680 carere
3482 2597 3604 2677 ta&

535 2736 700 2789 men
732 2738 875 2789 non
895 2711 1184 2817 poffi'nt.
1309 2710 1535 2822 Qod
1566 2710 1669 2790 ad
1716 2728 1920 2793 tuam
1983 2711 2486 2811 Celsitudinem
2535 2719 2914 2818 pertinet,
2963 2730 3355 2819 propterea
3412 2738 3605 2821 aegre

516 2830 701 2926 fero
720 2881 744 2920 ‚
804 2828 1009 2934 quod
1027 2826 1287 2936 quibus
1322 2824 1761 2933 temporibus
1799 2844 2013 2910 tanta
2026 2828 2297 2920 studiis
2308 2830 2655 2929 felicitas
2697 2831 2830 2928 sit·
2857 2848 3123 2912 exorta
3142 2885 3169 2925 ,
3220 2831 3300 2928 fe
3322 2844 3603 2934 putant
3711 2931 3716 2935 .

536 2973 638 3022 ex
711 2941 1075 3024 bominum
1132 2951 1482 3024 memoria
1519 2944 1821 3050 prorsus
1883 2940 2195 3028 abolere.
2310 2943 2394 3021 Si
2456 2942 2662 3023 labor
2698 2971 2892 3024 meus
2940 2951 3034 3046 esi
3085 2946 3354 3046 nausea
3411 2950 3604 3028 viris

534 3059 1053 3161 delicatiffi'mis
1069 3111 1123 3154 ‚„
1160 3061 1255 3144 &³
1288 3061 1467 3158 solis
1493 3055 1852 3142 Arabicis
1903 3053 2258 3141 mercibus
2296 3058 2540 3166 dignis
2555 3111 2583 3154 ,
2649 3063 3063 3169 relinquant
3111 3088 3228 3142 eos
3293 3062 3604 3168 asperio-

528 3173 742 3260 ribus
756 3229 782 3269 ,
841 3205 930 3254 ne
962 3177 1196 3255 dicam
1229 3181 1515 3274 rusticis
1537 3228 1564 3268 ‚
1626 3181 1707 3254 in
1741 3176 1975 3258 alieno
2019 3174 2210 3256 libro
2262 3180 2672 3280 importune
2710 3181 3081 3284 ingeniosi.
3199 3179 3514 3262 Errores
3528 3177 3617 3283 Ji-
3665 3203 3672 3208 ·

516 3285 711 3400 sunt
755 3299 886 3401 qui
912 3287 1098 3371 mihi
1127 3292 1436 3392 inscribi
1499 3288 1800 3376 debeant
1818 3342 1843 3384 ‚
1904 3294 2215 3383 multum
2230 3312 2374 3396 per
2434 3322 2548 3371 eos
2592 3294 2881 3388 lucror,
2944 3291 3273 3375 authoris
3320 3299 3605 3377 nomine

534 3408 859 3517 Epistola
900 3411 1209 3513 opprffz
1241 3410 1496 3489 celato.
1622 3409 1709 3488 Si
1740 3416 2082 3516 gratiam
2140 3401 2456 3501 mereor,
2512 3405 2646 3487 boc
2690 3428 2953 3490 conatu
3008 3408 3210 3490 nihil
3237 3411 3551 3508 faciunt
3567 3439 3601 3509 ,·

532 3551 704 3604 nam
737 3524 958 3631 neque
990 3527 1211 3605 multi
1261 3554 1506 3604 eorum
1537 3527 1733 3629 fimt
1789 3527 2048 3608 similes
2057 3578 2084 3619 ,
2151 3526 2246 3609 &³
2273 3517 2572 3632 quisqu‘e
2623 3544 2897 3610 natura
2945 3529 3125 3626 nqffl‘
3174 3533 3382 3634 cupit
3396 3577 3424 3623 ‚
3483 3524 3607 3606 ubi

527 3638 870 3737 beneficio
912 3642 1198 3738 referre
1257 3639 1828 3722 benevolentiam
1860 3641 2101 3749 poffi't.
2223 3641 2308 3720 Si
2368 3660 2609 3720 tamen
2651 3638 2783 3723 hoc
2834 3647 3213 3751 quicquam
3263 3648 3359 3741 est
3380 3697 3407 3737 ‚
3443 3643 3611 3743 fii-

529 3775 709 3853 ant,
756 3785 934 3866 quas
967 3759 1390 3865 relinquunt
1425 3759 1779 3865 Epistolas
1815 3756 1907 3841 ab
1943 3757 2264 3864 impreffl'i
2272 3755 2489 3837 ribus
2509 3785 2671 3837 cum
2699 3787 2946 3844 eorum
3007 3761 3342 3843 utilitate
3364 3760 3613 3862 pluris

528 3875 966 3959 venundari.
1083 3874 1229 3956 Sed
1248 3881 1541 3983 quisque
1586 3878 1822 3972 nostro
1868 3881 2207 3955 vivamus
2253 3901 2474 3954 more.
2593 3874 2871 3978 Prosim
2926 3904 3057 3985 ego
3102 3871 3428 3955 omnibus
3477 3902 3611 3955 vo-

529 3992 866 4084 luntate,
923 3993 1039 4070 iai
1072 3992 1167 4074 ἔθ’
1196 3988 1385 4072 mibi
1415 3993 1559 4072 tali
1592 4017 1864 4099 quoque
1916 3993 2211 4071 aHione.
2327 3992 2489 4070 Nec
2528 3991 2960 4093 confi-iifibi
2991 4022 3037 4071 a
3069 4019 3181 4072 me
3216 3990 3483 4074 diHum
3524 3991 3612 4072 de

400 4094 409 4104 ⁸
474 4095 487 4108 ⁶
524 4106 606 4211 l?
621 4123 920 4213 putent.
1034 4109 1180 4191 Per
1224 4135 1335 4187 me
1374 4110 1747 4214 saciBime
1803 4105 2159 4190 Lvtebunt.
2275 4107 2362 4186 Si
2396 4106 2488 4206 se
2545 4111 2686 4211 ipsi
2715 4109 3221 4215 prodiderint,
3260 4104 3614 4216 judicent

529 4227 701 4304 viri
730 4220 950 4318 boni,
1008 4231 1131 4304 uti
1151 4223 1430 4331 jullius
1479 4225 2031 4332 expostularint.
2165 4223 2438 4306 Verum
2484 4224 2812 4306 indecens
2850 4232 2946 4325 est
2957 4280 2984 4321 ‚
3044 4228 3377 4336 longiore
3436 4225 3611 4330 Epi-

512 4337 1305 4462 stolafacundffmm
1349 4341 1721 4430 Ciceronis
1754 4343 2108 4454 impedire
2143 4342 2537 4458 leHionemg
2633 4341 2855 4427 ‚Satis
2871 4345 2988 4452 sit
3016 4341 3205 4429 mibi
3242 4362 3319 4429 te
3336 4395 3364 4440 ‚
3396 4334 3613 4558 ,ΣΙ-’ἓξ
3721 4351 3736 4362 “
