4042 5100
33 2044 43 2105 l

806 378 817 385 '
934 368 1315 446 PRIMI'S
1380 365 2208 449 TYPOGRAPHIS
2267 366 2826 448 ROMANIS.
3183 412 3194 420 -
3312 390 3416 465 49

344 557 552 640 heim
573 558 651 638 δε
680 544 1069 635 Arnoldus
1086 552 1419 633 Pannarz
1434 604 1461 644 ,
1522 546 1806 654 infigne
1824 550 2388 634 Germanorum
2412 576 2586 661 par,
2621 576 2959 663 quorum
2979 542 3105 630 ille
3128 572 3412 651 cogno-

349 695 533 755 men
558 669 769 752 inum
791 665 990 753 haud
1006 664 1247 750 dubie
1262 666 1462 749 istius
1484 669 1860 750 aevimore
1878 690 1920 750 a
1939 660 2170 750 natali
2188 661 2357 751 solo
2378 661 2690 750 adscivit
2717 720 2743 763 ,
2805 690 2980 749 cum
3005 664 3416 749 Sclwvein·

354 786 563 871 heim
584 778 760 867 villa
779 779 865 865 fit
881 785 1242 867 territorii
1266 784 1742 894 Moguntini,
1762 808 1931 897 quae
1949 781 2191 883 hodie
2212 805 2528 867 vocatur
2542 781 3130 878 Schvvanheim,
3189 777 3424 894 quod

350 896 780 986 observavit
821 896 1505 986 SCHWARZIUS
1558 901 1784 982 Parte
1841 899 1967 982 111.
2003 899 2477 984 Document.
2522 897 2628 982 de
2666 901 2969 1010 origine
3000 921 3304 1008 typogr.
3342 922 3422 1010 p.

350 1045 432 1124 7.
471 1021 895 1132 Utrumque
926 1040 1023 1100 ex
1052 1014 1292 1101 Fausti
1338 1020 1415 1100 &
1456 1009 1865 1141 Schoefferi
1896 1002 2214 1109 officina*
2233 1007 2598 1131 prodiiffe
2619 1068 2646 1114 ,
2705 1019 2902 1131 quis
2917 1016 3314 1135 ambigat?

390 1330 411 1339 ‚
606 1231 821 1318 Ante
886 1258 1058 1321 uatn
1109 1227 1339 1346 ipsam
1390 1229 1692 1318 adirent
1749 1231 2073 1318 Romam
2099 1287 2127 1329 ,
2215 1224 2749 1349 aliquantisper
2815 1230 2895 1315 in
2945 1227 3423 1317 Monasterio

347 1344 789 1435 Sublacensi
823 1261 1253 1449 pubstitere,
1310 1372 1587 1464 utpote
1685 1349 1848 1435 uod
1879 1375 1970 1436 ea
2003 1349 2445 1461 tempestate
2482 1347 2857 1433 Monachi
2897 1351 3290 1443 Germani,
3313 1371 3425 1432 te·

350 1464 593 1552 stante
632 1466 870 1552 Card.
914 1469 1408 1565 QUIRINO,
1466 1376 1880 1552 incoluere.
1995 1466 2120 1553 lbi
2150 1464 2253 1549 A.
2288 1477 2515 1575 1465.
2535 1466 3036 1559 Lafiantium,
3095 1465 3431 1550 Cicero-

354 1607 536 1667 nem
584 1578 801 1668 illum
836 1585 1391 1681 Christianum,
1448 1608 1617 1693 ‚ceu
1671 1585 1849 1695 artis
1908 1578 2072 1697 suaeg
2101 1586 2516 1697 primitias,
2595 1585 2680 1665 in
2710 1606 2974 1668 manus
3018 1580 3425 1665 hominum

355 1698 831 1784 eruditorum
885 1696 1091 1784 felici
1126 1700 1459 1811 auspicio
1492 1698 1898 1786 dederunt.
2017 1704 2234 1784 Nam
2257 1697 2446 1784 licet
2478 1701 2555 1783 in
2597 1693 2723 1783 illa
2766 1700 3106 1810 principe
3138 1698 3428 1785 editio-

357 1840 459 1901 ne
490 1819 653 1918 OF)
696 1843 989 1901 nomen
1033 1816 1499 1932 typographi
1541 1813 1965 1931 expressum
2015 1816 2219 1901 haud
2269 1816 2401 1911 fit,
2467 1816 2737 1900 nostris
2784 1839 3040 1900 tamen
3088 1839 3257 1898 eam
3299 1836 3429 1896 ac·-

354 1954 656 2046 ceptam
707 1928 858 2019 effe
905 1930 1383 2019 referendam
1407 1990 1433 2031 ,
1499 1960 1646 2015 nos
1692 1932 2060 2017 dubitare
2106 1928 2266 2017 non
2322 1931 2491 2016 finit
2550 1933 3121 2027 testimonium,
3204 1929 3429 2014 omni

356 2053 825 2160 exceptione
880 2053 1166 2152 majus,
1220 2052 1353 2149 Jo.
1402 2048 1941 2142 ANDREAE,
2000 2044 2409 2132 Alerienfis
2468 2047 2741 2159 Episco
2800 2053 2868 2143 i,
2926 2050 3065 2160 qui
3133 2048 3215 2128 in
3262 2048 3440 2157 epi-

359 2159 595 2259 stola,
657 2163 1055 2247 Laetantio
1106 2164 1369 2248 Romae
1403 2188 1542 2273 per
1583 2161 1906 2246 eosdem
1951 2161 2208 2247 Anno
2239 2188 2487 2274 1470.
2530 2184 2721 2246 excu
2754 2191 2808 2245 o
2855 2155 3253 2274 praemiffa3
3313 2163 3433 2245 his

33 2282 40 2343 ¹
204 2322 255 2351 a
364 2283 564 2362 inter
612 2275 907 2394 reliqna
940 2278 1193 2364 verbis
1225 2279 1323 2362 ad
1362 2271 1677 2364 Paulum
1707 2279 1805 2361 II.
1842 2282 2078 2364 utitur
2105 2302 2142 2361 ·:
2203 2282 2511 2363 Samant
2540 2288 2792 2389 igitur
2808 2282 3123 2381 studiost
3153 2279 3278 2359 abs
3331 2278 3432 2359 Te

359 2393 494 2478 hoc
528 2416 845 2504 tempore
883 2416 1024 2504 per
1053 2398 1326 2499 nostros
1359 2405 1706 2505 ingenuos
1752 2401 2036 2502 opifices
2078 2399 2541 2477 [Aeantium
2590 2399 3052 2477 Firmianum
3069 2399 3307 2498 fimel
3345 2392 3440 2482 ab

361 2520 464 2598 iis
483 2567 509 2610 ,
567 2521 976 2624 iterumque
1013 2516 1411 2625 impreffiem
1424 2520 1647 2624 prius
1662 2566 1688 2611 ,
1762 2517 2121 2597 nonnullis
2163 2521 2244 2597 in
2286 2518 2466 2599 locis
2487 2515 2816 2624 profeHo
2868 2521 3260 2598 veriorem.
3429 2565 3440 2572 ·

641 2729 839 2817 Duae
884 2754 1073 2818 vero
1118 2725 1483 2816 duntaxat
1533 2729 1729 2816 hanc
1788 2731 2313 2843 praecefferunt
2352 2734 2724 2819 Laetantii
2785 2731 3167 2822 editiones
3191 2787 3217 2828 ,
3282 2729 3438 2844 pri-

343 2869 473 2932 ma
519 2849 601 2930 in
640 2847 1112 2931 Monasterio
1167 2842 1596 2932 Sublacenfi
1644 2844 1743 2932 A.
1802 2857 2050 2957 1465.
2092 2846 2326 2936 altera
2379 2851 2646 2936 Romae
2677 2849 2775 2934 A.
2848 2861 3093 2956 1468.
3159 2853 3436 2936 curata.

346 2965 720 3076 Cumque
751 2960 1212 3075 Augustinus
1262 2963 1365 3048 de
1411 2964 1753 3048 Civitate
1804 2966 1960 3052 Dei
2007 2963 2111 3050 A.
2185 2975 2424 3074 1467.
2488 2963 2644 3051 fine
2712 2960 2871 3050 loci
2917 2991 3006 3050 ac
3071 2988 3436 3076 typogra-

348 3082 487 3193 phi
522 3078 817 3164 indicio
867 3079 1178 3176 iisdem,
1232 3071 1513 3194 quibu}
1569 3071 2046 3179 Lactantius,
2102 3086 2306 3196 typis
2370 3079 2458 3166 fit
2513 3078 2963 3194 exscriptus,
3026 3075 3239 3167 illum
3303 3106 3437 3193 pa·-

347 3198 531 3281 riter
567 3199 649 3307 in
691 3195 1163 3282 Monasterio
1221 3191 1660 3282 Sublacensi
1720 3223 1857 3309 per
1904 3200 2230 3285 eosdem
2279 3192 2709 3311 impreffum
2767 3192 2919 3283 elle
2942 3253 2969 3295 ,
3030 3203 3268 3282 nemo
3318 3192 3458 3280 fa-'

347 3306 495 3395 cile
556 3314 638 3396 in
706 3309 1027 3396 dubium
1095 3312 1514 3420 revocabit.
1631 3317 1927 3402 Primus
1988 3311 2189 3401 liber
2222 3371 2249 3413 ,
2310 3342 2546 3432 quem
2625 3317 2796 3429 post
2847 3314 3249 3399 Donatum
3314 3305 3440 3396 vel

350 3424 783 3511 rudimenta
820 3432 1307 3542 grammatica
1338 3424 1488 3515 luci
1539 3427 1767 3531 data,
1826 3433 2097 3522 Romae
2155 3431 2262 3518 A.
2327 3444 2586 3544 1467.
2637 3430 3161 3530 excuderunt,
3220 3450 3436 3517 erant

348 3541 762 3636 Ciceronis
801 3539 1133 3659 epistolae
1166 3540 1594 3633 familiares.

596 3783 1135 3912 ‘Nitidiffimas
1194 3782 1350 3875 effe
1428 3812 1702 3880 eorum
1766 3792 2190 3896 editiones,
2273 3792 2427 3884 five
2499 3797 2833 3886 chartam
2856 3853 2883 3895 2
2943 3793 3098 3882 five
3149 3794 3436 3908 typos,

354 3905 655 4018 eosque
705 3897 956 3989 fusiles
980 3958 1009 4000 ,
1068 3903 1545 4007 confideres,
1604 3937 1708 3997 eo
1776 3910 2291 4001 confidentius
2347 3909 2762 4002 affeverare
2813 3909 3153 4026 possum,
3213 3910 3441 4022 quod

360 4040 539 4122 ante
598 4014 876 4108 oculos
932 4022 1122 4108 mihi
1169 4049 1265 4116 ex
1309 4020 1790 4132 Bibliotheca
1857 4031 2111 4232 &stra
2153 4026 2458 4148 publica
2503 4026 2833 4120 versatur
2887 4027 3444 4230 BESSARIRICIJS-

348 4387 375 4524 Ξ
462 4444 639 4545 (†).
663 4449 1046 4548 Perpetem
1076 4443 1171 4544 ‚iia
1202 4380 1452 4546 ‘Cat-al„
1490 4409 2233 4544 Biblioth'fluliianae
2269 4447 2338 4524 T
2340 4469 2506 4522 om..
2531 4448 2589 4520 1.
2629 4433 2703 4545 p.
2741 4409 2884 4541 17.
2910 4441 3137 4526 editio
3174 4443 3479 4544 Roma-p

694 4570 795 4624 ¹¹³
827 4554 920 4632 A·
970 4559 1191 4656 1453.
1221 4573 1357 4670 prq
1395 4549 1729 4670 omnium
1775 4539 2011 4650 trima
2037 4546 2486 4648 wadium·
3277 4591 3292 4604 κ
