4042 5100
629 344 735 422 4ο
890 382 895 387 .
1544 304 1699 407 'DE
1770 329 2142 409 Lmlus
2218 330 2350 408 IN
2419 325 2789 409 PMMA

917 505 1621 596 MAnTAtRms
1679 518 1830 613 (a)
1886 518 1967 596 ει
2005 492 2693 600 SCHWARzms
2735 521 2897 613 (x)
2934 510 3105 622 post
3143 536 3425 596 annum
3472 537 3724 711 ηις..

635 648 810 739 quo
843 623 1308 711 Chronicon
1359 629 1753 714 Saxonum
1799 632 1865 741 (
1881 631 2155 712 Cronik
2204 633 2335 712 der
2371 632 2604 733 Saffln
2620 626 2683 737 )
2715 625 2858 714 fuit
2888 622 3363 738 impreffum‚
3426 624 3552 714 nul
3585 654 3724 715 um

638 735 961 855 amplius
1014 737 1295 829 librum
1319 800 1347 843 ,
1429 771 1473 831 a
1516 748 1754 832 Petro
1805 740 2246 833 Schoeffero
2299 751 2723 852 Moguntiae
2770 740 3173 842 excusum,
3250 739 3330 830 se
3384 750 3722 858 reperire

635 853 967 969 potuisse
1014 857 1370 946 fatentur.
1485 859 1776 948 Nescio
1820 886 2121 959 autem,
2176 866 2316 978 qui
2362 862 2641 950 fafium
2675 859 2804 959 fit,
2863 878 2949 946 ut
2986 856 3544 948 Berchtholdus
3576 861 3723 947 Ar·

626 972 1151 1089 chiepiseopus
1212 982 1291 1064 δε
1353 973 1666 1065 Εῑεᾶοι-
1714 976 2011 1065 Miss'ale
2053 976 2376 1065 ecclesiae
2412 986 2556 1065 Mo
2616 976 3022 1063 untinenfis
3069 981 3174 1077 A,
3236 1005 3470 1084 ¹497.
3513 982 3718 1090 typis

637 1116 804 1175 non
850 1086 1301 1190 Schoefferi,
1360 1121 1405 1176 e
1453 1094 1657 1201 cujus
1696 1092 2000 1183 officina
2043 1118 2300 1181 tamen
2344 1007 2642 1182 Miffaie
2667 1091 3087 1180 Misenense
3120 1096 3215 1180 A.
3263 1088 3404 1201 148
3420 1123 3492 1198 5.
3530 1122 3720 1207 pro-

594 1205 835 1304 .diit‚
910 1204 1042 1294 sed
1093 1213 1297 1294 Petri
1339 1211 1602 1296 Drach
1627 1271 1653 1310 ‚
1733 1217 2198 1326 typographi
2233 1212 2601 1328 Spirensis
2628 1269 2656 1309 ,
2735 1212 3268 1303 excudendum
3316 1213 3718 1305 curaverit.

635 1326 823 1408 Hoc
866 1333 1431 1447 nuperrimeex
1463 1326 1945 1415 Bibliotheca
1980 1330 2383 1447 quondam
2419 1326 2916 1417 Schilteriana
2944 1334 3023 1415 in
3058 1354 3308 1414 meam
3343 1330 3720 1439 pervenit,

629 1435 1032 1526 luculento
1076 1442 1504 1530 chari-'mere
1536 1450 1617 1531 in
1653 1442 1790 1534 fol.
1836 1453 2008 1555 maj.
2054 1444 2526 1560 impreffum,
2583 1450 2836 1553 cujus,
2890 1443 3540 1531 MAITTAIRIO
3585 1438 3722 1529 ali-

594 1560 863 1674 ‚isque
895 1563 1188 1661 ignoti,
1267 1565 1345 1647 in
1393 1558 1546 1647 fine
1579 1565 1737 1650 haec
1781 1562 2022 1648 rubris
2067 1565 2623 1655 charafieribus
2658 1558 2924 1649 excusa
2961 1558 3310 1667 leguntur
3345 1594 3365 1645 ε
3430 1560 3718 1674 „Mag-

636 1703 811 1771 „na
860 1673 1265 1761 Missalium
1319 1673 1689 1766 librorum
1729 1684 2052 1795 penuria
2091 1678 2500 1770 secundum
2537 1679 3114 1769 ordinationem
3146 1675 3299 1763 five
3339 1677 3720 1763 rubricam

637 1787 1027 1889 „ecclefie
1069 1798 1523 1906 Magantine
1563 1799 1928 1883 existente
1957 1799 2408 1914 eisdemque
2444 1795 2843 1885 codicibus
2872 1820 3146 1901 magna
3181 1822 3280 1880 ex
3312 1815 3525 1904 parte
3555 1818 3719 1877 cor-

598 1960 696 2007 ‚„
717 1912 958 2019 ruptis
1010 1911 1599 2025 depravatisque
1665 1911 2352 2000 Reverendiffimus
2410 1917 2494 2000 in
2546 1914 2862 2001 Christo
2906 1936 3124 2026 pater
3183 1916 3263 1996 &
3308 1910 3718 1995 Dominus.

598 2077 696 2122 .‚‚
716 2025 1107 2113 Dominus
1152 2022 1565 2114 Bet-toldus
1606 2027 2251 2144 Archiepiscopus
2284 2034 2814 2138 Magantiuen.
2862 2024 3168 2142 prefato
3206 2023 3539 2111 defefflii
3571 2051 3720 2113 oc-

592 2178 611 2241 ·,
634 2168 1014 2244 „currere
1047 2148 1363 2258 cupiens
1398 2179 1419 2229 ε
1480 2140 1747 2262 suique
1781 2143 2013 2234 officii
2047 2143 2198 2235 effe
2232 2172 2318 2235 ut
2350 2147 2729 2254 ejusmodi
2758 2143 2934 2231 libri
2964 2169 3196 2259 quam
3228 2137 3715 2228 emendatiffi·

634 2311 698 2359 ‚2
715 2261 825 2345 mi
864 2258 1327 2347 haberentur
1374 2263 1986 2348 animadvertens
2018 2267 2100 2347 in
2146 2264 2342 2350 hanc
2371 2263 2945 2348 ordinationem
2981 2264 3309 2374 imprimi
3351 2258 3722 2372 providit.

548 2416 555 2420 ·
640 2372 849 2473 „Ad
908 2380 1126 2483 cujus
1184 2376 1806 2463 Reverendiffimi
1855 2383 1936 2462 in
1984 2380 2295 2465 Christo
2338 2383 2572 2496 patris
2623 2385 2702 2467 δε
2736 2378 3114 2475 Domini,
3172 2377 3504 2461 Domini
3534 2378 3717 2460 Ber-

639 2485 919 2592 „toldi
971 2486 1520 2607 archiepiscopi
1571 2492 1936 2581 decorem
1985 2501 2065 2583 ἃ
2118 2500 2617 2584 reverentiam
2665 2501 2977 2611 ejusque
3024 2493 3292 2581 devoti
3328 2488 3511 2580 cleri
3544 2516 3754 2606 prem⁴

632 2606 884 2707 „iens
931 2609 1088 2691 hoc
1146 2605 1437 2696 missale
1494 2611 1931 2698 divinorum
1986 2608 2413 2700 officiorum
2468 2615 2735 2698 denuo
2781 2609 3161 2708 revisum,
3234 2636 3381 2696 nec
3435 2633 3598 2692 non
3635 2612 3716 2692 in

641 2780 699 2823 ,,
720 2719 1245 2835 compluribus
1276 2720 1471 2811 locis
1507 2729 1937 2835 castigatum
1973 2756 2135 2816 non
2174 2734 2419 2841 p'arvis
2449 2727 2806 2842 impenfis
2840 2729 3138 2816 honesti
3174 2726 3473 2812 domini
3510 2725 3715 2808 Petri

572 2855 583 2860 ’
639 2842 984 2938 „Drach
1028 2844 1172 2927 viri
1228 2838 1637 2929 consularis
1681 2849 2000 2932 civitatis
2027 2847 2322 2955 spiren.
2348 2846 2881 2931 Annonostre
2936 2838 3184 2931 salutis
3221 2847 3338 2928 M.
3369 2831 3712 2927 CCCC.

637 3011 700 3056 ‚,
713 2957 1028 3045 XCVII.
1064 2952 1405 3047 secundo
1441 2985 1691 3048 nonas
1728 2962 2248 3074 Septembtias
2289 2957 2618 3050 feliciter
2650 2962 2759 3048 est
2792 2959 3413 3052 consummatum.
3438 3012 3494 3057 ,‚
3553 2954 3716 3046 Ad-

635 3077 835 3185 jeffl
867 3069 1033 3162 sunt
1074 3077 1537 3196 typographi
1590 3075 1954 3193 Spirenfis
1999 3076 2344 3196 infignia.

928 3292 1150 3378 Citra
1193 3288 1518 3379 dubium
1566 3296 1861 3380 interea
1896 3321 2126 3409 ogere
2163 3297 2366 3381 inter
2397 3293 2756 3380 homines
2792 3287 3012 3379 defiit
3045 3294 3316 3378 Petrus
3353 3282 3725 3377 Schoeffe-

640 3432 817 3503 rus,
875 3410 1001 3492 cui
1044 3410 1128 3490 in
1160 3402 1465 3497 officina
1501 3412 1826 3527 quidem
1863 3407 2192 3498 succeffit
2231 3416 2572 3514 Joannes
2607 3407 2855 3508 filius,
2917 3436 3176 3609 aeguo
3219 3434 3411 3531 vero
3443 3401 3724 3501 nullus,

639 3547 1021 3638 quantum
1080 3524 1403 3637 quidem
1455 3531 1800 3627 constat,
1858 3522 2055 3615 liber
2106 3552 2285 3615 ante
2333 3526 2432 3612 A.
2476 3555 2625 3633 ¹50
2638 3555 2711 3637 3.
2756 3532 2950 3639 impr
3060 3553 3144 3610 us
3192 3524 3536 3609 habetur.
3648 3521 3728 3604 Is

639 3666 906 3732 tamen
948 3639 1239 3726 deinde
1273 3639 1559 3755 duplici
1592 3648 1762 3734 vice
1791 3643 1891 3731 A.
1922 3648 2283 3739 nimirum
2326 3671 2556 3758 1507.
2596 3649 2677 3732 δι
2724 3670 2951 3755 1513.
2986 3634 3285 3729 Miffale
3318 3638 3730 3747 Mogunti-

639 3754 880 3852 nense
923 3756 1237 3850 excudit
1271 3767 1368 3876 (y
1382 3769 1445 3862 ).

3409 3981 3424 3994 .
3461 3901 3732 4034 Liceat

622 4275 635 4378 .-
793 4306 887 4404 u)
936 4304 1205 4385 Annal-
1254 4306 1819 4409 typogr.·Tom.
1870 4305 1929 4381 1.
1979 4325 2056 4404 p.
2107 4320 2214 4396 4„
2234 4297 2414 4375 edit.
2454 4297 2549 4376 11.

741 4306 894 4614 ΞΒ
935 4405 1106 4588 &icis
1141 4427 1396 4606 &0⁴35
1426 4501 2007 4584 MARCHAND
2045 4496 2319 4598 moire
2366 4491 2447 4577 ae
2481 4493 2533 4576 ι’
2563 4415 3068 4602 munienter·
3106 4502 3232 4591 48.
3261 4492 3362 4596 sq.
3407 4563 3416 4574 ,
